1396107041,300.000000000000,0.010000000000
1396107215,298.000000000000,0.005000000000
1396127007,300.000000000000,0.003900000000
1396127683,298.000000000000,0.004900000000
1396256997,262.250000000000,0.001000000000
1396258345,262.650000000000,0.001000000000
1396258644,272.950000000000,0.002900000000
1396339845,280.000000000000,1.000000000000
1396345022,286.050000000000,0.008800000000
1396345022,286.060000000000,0.020600000000
1396345022,286.080000000000,0.010300000000
1396345022,286.100000000000,0.010300000000
1396446667,280.000000000000,0.049800000000
1396540683,269.770000000000,1.000000000000
1396540754,260.000000000000,1.000000000000
1396545522,260.000000000000,0.996500000000
1396545522,265.000000000000,1.096100000000
1396555929,285.000000000000,0.150000000000
1396595721,300.000000000000,0.498200000000
1396628659,270.000000000000,0.917500000000
1396689357,279.000000000000,2.000000000000
1396738894,300.000000000000,0.000100000000
1396738943,300.000000000000,0.010000000000
1396778679,285.000000000000,0.010000000000
1396787124,285.000000000000,0.352900000000
1396787129,285.000000000000,0.352900000000
1396787129,285.000000000000,0.235200000000
1396787129,285.000000000000,0.475700000000
1396787134,285.000000000000,0.473100000000
1396787134,285.000000000000,0.043900000000
1396868316,269.150000000000,0.110000000000
1396868316,270.320000000000,0.390000000000
1396870033,281.450000000000,0.866400000000
1396870033,280.530000000000,0.633600000000
1396870077,281.450000000000,0.195400000000
1396870263,280.000000000000,0.500000000000
1396870480,281.490000000000,3.165200000000
1396870480,281.450000000000,1.818200000000
1396882571,277.910000000000,0.050600000000
1396882571,277.880000000000,0.049400000000
1396882953,277.300000000000,0.500000000000
1396883080,277.300000000000,0.500000000000
1396883213,275.290000000000,0.500000000000
1396883356,275.120000000000,0.033000000000
1396883356,274.950000000000,0.165300000000
1396885118,275.460000000000,3.610800000000
1396894174,275.450000000000,7.223700000000
1396898760,265.270000000000,0.001500000000
1396898760,267.000000000000,0.498500000000
1396936163,266.420000000000,0.265000000000
1396936163,266.430000000000,1.250000000000
1396936163,266.590000000000,0.156000000000
1396936163,266.870000000000,0.162000000000
1396936163,267.130000000000,0.167000000000
1396936244,266.440000000000,1.000000000000
1396979303,275.810000000000,0.098900000000
1396979316,276.000000000000,0.000100000000
1396979616,275.000000000000,0.002900000000
1396980198,275.000000000000,2.563300000000
1396982747,275.000000000000,0.237600000000
1396982817,275.000000000000,0.237500000000
1396982824,275.000000000000,0.237600000000
1396990906,273.800000000000,1.882200000000
1397022973,266.620000000000,0.096300000000
1397022973,266.850000000000,0.162000000000
1397022973,266.930000000000,0.100000000000
1397022973,267.130000000000,0.155000000000
1397022973,267.400000000000,0.158000000000
1397022973,267.690000000000,0.168000000000
1397022973,267.770000000000,0.160000000000
1397022973,268.360000000000,0.000700000000
1397028923,273.000000000000,0.090000000000
1397045695,273.000000000000,0.908000000000
1397050042,265.000000000000,0.100000000000
1397056000,270.910000000000,0.131600000000
1397056000,270.870000000000,0.069200000000
1397056000,270.760000000000,1.528700000000
1397073889,261.280000000000,15.557100000000
1397073889,261.450000000000,0.153300000000
1397073889,262.000000000000,1.594300000000
1397073889,262.000000000000,0.499100000000
1397073889,262.750000000000,3.707400000000
1397073889,263.000000000000,0.089600000000
1397073889,265.000000000000,0.399200000000
1397110172,255.000000000000,1.997100000000
1397110172,260.000000000000,0.998500000000
1397110172,260.500000000000,0.499100000000
1397110172,261.000000000000,1.922800000000
1397110172,261.000000000000,0.229600000000
1397117617,248.250000000000,0.954200000000
1397117617,248.150000000000,0.055800000000
1397122129,253.050000000000,0.251400000000
1397142339,245.000000000000,0.140800000000
1397142407,245.000000000000,3.366200000000
1397142456,245.000000000000,0.280200000000
1397142904,228.790000000000,0.816500000000
1397142904,228.810000000000,0.025200000000
1397142904,228.820000000000,0.050000000000
1397143656,229.380000000000,0.443200000000
1397143656,229.600000000000,0.056800000000
1397145599,233.260000000000,1.000000000000
1397147790,242.130000000000,0.260800000000
1397152683,242.130000000000,0.010100000000
1397192443,242.130000000000,0.989900000000
1397216690,242.130000000000,0.998600000000
1397219834,249.460000000000,3.866500000000
1397219834,249.430000000000,0.825600000000
1397219834,249.380000000000,0.053500000000
1397219834,242.130000000000,0.001400000000
1397220816,252.440000000000,10.268200000000
1397220816,251.080000000000,0.025400000000
1397220816,250.310000000000,0.046700000000
1397220816,249.460000000000,3.638300000000
1397220915,252.440000000000,0.109700000000
1397221545,252.440000000000,1.000000000000
1397221614,252.440000000000,1.000000000000
1397221694,252.440000000000,1.000000000000
1397221706,252.440000000000,1.000000000000
1397222262,252.440000000000,1.950100000000
1397234143,252.440000000000,1.000000000000
1397237514,225.000000000000,0.111900000000
1397237514,251.230000000000,0.843100000000
1397237514,251.240000000000,0.045000000000
1397495199,310.000000000000,0.060000000000
1397509471,200.000000000000,0.066600000000
1397509471,225.000000000000,1.379100000000
1397509471,240.000000000000,0.415100000000
1397548285,275.000000000000,0.100000000000
1397555690,295.000000000000,0.200000000000
1397559988,300.000000000000,0.917500000000
1397563409,305.130000000000,0.131900000000
1397563409,305.000000000000,0.200000000000
1397563409,304.950000000000,0.237500000000
1397563409,304.630000000000,0.230600000000
1397577880,292.600000000000,0.636000000000
1397577880,292.710000000000,0.218000000000
1397577880,292.950000000000,0.220000000000
1397577880,293.180000000000,0.500000000000
1397577880,293.210000000000,0.210000000000
1397577880,293.470000000000,0.216000000000
1397580117,292.600000000000,0.495300000000
1397628612,307.000000000000,0.026900000000
1397635078,319.330000000000,0.240000000000
1397640553,305.000000000000,5.526300000000
1397644419,328.000000000000,0.192900000000
1397644419,313.640000000000,0.017100000000
1397644530,328.000000000000,0.007100000000
1397646591,330.000000000000,1.000000000000
1397647316,330.000000000000,4.000000000000
1397647840,308.210000000000,0.090100000000
1397647848,305.000000000000,0.009500000000
1397647853,305.000000000000,0.400400000000
1397649279,316.400000000000,3.160500000000
1397649375,317.610000000000,1.822000000000
1397649375,317.550000000000,0.990000000000
1397649375,317.540000000000,1.188000000000
1397655691,310.000000000000,1.233800000000
1397682028,313.350000000000,3.030000000000
1397682550,315.000000000000,0.088600000000
1397682550,314.990000000000,0.009500000000
1397682550,314.970000000000,0.009500000000
1397682550,314.950000000000,0.009500000000
1397682550,314.930000000000,0.009500000000
1397682550,314.910000000000,0.009500000000
1397682550,314.890000000000,0.058900000000
1397682550,314.880000000000,0.009500000000
1397682550,314.860000000000,0.009500000000
1397682550,314.840000000000,0.107000000000
1397682550,314.820000000000,0.009500000000
1397682550,314.800000000000,0.009500000000
1397682550,314.780000000000,0.009500000000
1397682550,314.770000000000,0.009500000000
1397682550,314.750000000000,0.675500000000
1397682550,314.730000000000,0.009500000000
1397682550,314.710000000000,0.009500000000
1397682550,314.690000000000,0.009500000000
1397682550,314.670000000000,0.009500000000
1397682550,314.660000000000,0.009500000000
1397682550,314.640000000000,0.009500000000
1397682550,314.620000000000,0.068900000000
1397682550,314.600000000000,0.009500000000
1397682550,314.580000000000,0.009500000000
1397682550,314.570000000000,0.019400000000
1397682550,314.550000000000,0.009500000000
1397682550,314.530000000000,0.106900000000
1397682550,314.520000000000,0.528800000000
1397682550,314.510000000000,0.009500000000
1397682550,314.490000000000,1.078100000000
1397682584,315.000000000000,0.088600000000
1397682584,315.000000000000,0.009500000000
1397682584,315.000000000000,0.009500000000
1397682584,315.000000000000,0.009500000000
1397682584,315.000000000000,0.009500000000
1397682584,315.000000000000,0.009500000000
1397682584,315.000000000000,0.058900000000
1397682584,315.000000000000,0.009500000000
1397682584,315.000000000000,0.009500000000
1397682584,315.000000000000,0.107000000000
1397682584,315.000000000000,0.009500000000
1397682584,315.000000000000,0.009500000000
1397682584,315.000000000000,0.009500000000
1397682584,315.000000000000,0.009500000000
1397682584,315.000000000000,0.011900000000
1397682602,315.000000000000,0.086600000000
1397682612,315.000000000000,0.009500000000
1397682627,315.000000000000,0.938300000000
1397682659,315.000000000000,1.722600000000
1397686774,322.470000000000,0.025000000000
1397686792,322.470000000000,0.000500000000
1397691068,314.110000000000,0.025500000000
1397723503,301.200000000000,0.475000000000
1397723503,303.000000000000,0.025000000000
1397726459,301.200000000000,0.205000000000
1397726752,300.000000000000,6.000000000000
1397745815,300.000000000000,0.100000000000
1397814648,287.570000000000,0.953800000000
1397814648,290.000000000000,3.000000000000
1397819140,297.980000000000,0.007100000000
1397819140,297.950000000000,0.202900000000
1397819436,288.000000000000,0.266000000000
1397829511,290.610000000000,1.803200000000
1397829511,290.380000000000,0.196800000000
1397847342,285.570000000000,0.018900000000
1397847342,285.600000000000,0.208000000000
1397890615,290.670000000000,0.050000000000
1397890615,290.640000000000,0.050000000000
1397896105,294.360000000000,3.000000000000
1397896503,294.360000000000,0.300000000000
1397905713,292.960000000000,0.077100000000
1397905713,293.040000000000,0.214000000000
1397905713,295.560000000000,0.048500000000
1397989560,300.420000000000,0.004800000000
1397989560,300.710000000000,0.160000000000
1398015111,301.900000000000,0.001000000000
1398015111,291.690000000000,0.001000000000
1398015111,301.900000000000,0.000900000000
1398015111,291.690000000000,0.001000000000
1398015111,301.900000000000,0.001000000000
1398015111,291.690000000000,0.001000000000
1398015111,301.900000000000,0.001000000000
1398015111,291.690000000000,0.001000000000
1398015111,301.900000000000,0.000700000000
1398015111,301.900000000000,0.001000000000
1398015111,301.900000000000,0.001000000000
1398015111,301.900000000000,0.001000000000
1398015111,301.900000000000,0.001000000000
1398015111,301.900000000000,0.001000000000
1398015111,301.900000000000,0.001000000000
1398015111,301.900000000000,0.001000000000
1398015111,291.690000000000,0.001000000000
1398015111,301.900000000000,0.001000000000
1398015111,301.900000000000,0.001000000000
1398015111,301.900000000000,0.001000000000
1398015111,301.900000000000,0.001000000000
1398015111,301.900000000000,0.001000000000
1398015111,301.900000000000,0.001000000000
1398015111,291.690000000000,0.001000000000
1398015111,301.900000000000,0.001000000000
1398015111,301.900000000000,0.001000000000
1398015111,291.690000000000,0.001000000000
1398015111,301.900000000000,0.001000000000
1398015111,291.690000000000,0.001000000000
1398015111,301.900000000000,0.001000000000
1398015111,301.900000000000,0.001000000000
1398015111,291.690000000000,0.001000000000
1398015111,301.900000000000,0.001000000000
1398015111,301.900000000000,0.001000000000
1398015111,301.900000000000,0.001000000000
1398015111,301.900000000000,0.001000000000
1398015111,301.900000000000,0.001000000000
1398015111,291.690000000000,0.001000000000
1398015111,301.900000000000,0.001000000000
1398015111,301.900000000000,0.001000000000
1398015111,301.900000000000,0.001000000000
1398015111,301.900000000000,0.001000000000
1398015111,301.900000000000,0.001000000000
1398015111,301.900000000000,0.001000000000
1398015111,301.900000000000,0.001000000000
1398015111,301.900000000000,0.001000000000
1398015111,291.690000000000,0.001000000000
1398015111,301.900000000000,0.001000000000
1398015111,301.900000000000,0.001000000000
1398015111,301.900000000000,0.001000000000
1398015111,291.690000000000,0.001000000000
1398015111,301.900000000000,0.001000000000
1398015111,301.900000000000,0.001000000000
1398015111,291.690000000000,0.001000000000
1398015111,301.900000000000,0.001000000000
1398015111,301.900000000000,0.001000000000
1398015111,291.690000000000,0.001000000000
1398015111,301.900000000000,0.001000000000
1398015111,301.900000000000,0.001000000000
1398015111,291.690000000000,0.001000000000
1398015111,301.900000000000,0.001000000000
1398015111,291.690000000000,0.001000000000
1398015111,301.900000000000,0.001000000000
1398015111,301.900000000000,0.001000000000
1398015111,301.900000000000,0.001000000000
1398015111,301.900000000000,0.001000000000
1398015111,301.900000000000,0.001000000000
1398015111,291.690000000000,0.001000000000
1398015111,301.900000000000,0.001000000000
1398015111,301.900000000000,0.001000000000
1398015111,291.690000000000,0.001000000000
1398015111,301.900000000000,0.001000000000
1398015111,291.690000000000,0.001000000000
1398015111,301.900000000000,0.001000000000
1398015111,301.900000000000,0.001000000000
1398015111,291.690000000000,0.001000000000
1398015111,301.900000000000,0.001000000000
1398015111,301.900000000000,0.001000000000
1398015111,291.690000000000,0.001000000000
1398015111,301.900000000000,0.001000000000
1398015111,301.900000000000,0.001000000000
1398015111,291.690000000000,0.001000000000
1398015111,301.900000000000,0.001000000000
1398015111,301.900000000000,0.001000000000
1398015111,291.690000000000,0.001000000000
1398015111,301.900000000000,0.001000000000
1398015111,301.900000000000,0.001000000000
1398015111,301.900000000000,0.001000000000
1398015111,291.690000000000,0.001000000000
1398015111,301.900000000000,0.001000000000
1398015111,301.900000000000,0.001000000000
1398015111,301.900000000000,0.001000000000
1398015111,291.690000000000,0.001000000000
1398015111,301.900000000000,0.001000000000
1398015111,291.690000000000,0.001000000000
1398015111,301.900000000000,0.001000000000
1398015111,301.900000000000,0.001000000000
1398015111,291.690000000000,0.001000000000
1398015111,301.900000000000,0.001000000000
1398015111,301.900000000000,0.001000000000
1398015111,291.690000000000,0.001000000000
1398015111,301.900000000000,0.001000000000
1398015111,301.900000000000,0.001000000000
1398015111,291.690000000000,0.001000000000
1398015111,301.900000000000,0.001000000000
1398015111,291.690000000000,0.001000000000
1398015111,301.900000000000,0.001000000000
1398015111,301.900000000000,0.001000000000
1398015111,291.690000000000,0.001000000000
1398015111,301.900000000000,0.001000000000
1398015112,291.690000000000,0.001000000000
1398015112,301.900000000000,0.001000000000
1398015112,291.690000000000,0.001000000000
1398015112,301.900000000000,0.000900000000
1398015112,291.690000000000,0.001000000000
1398015112,301.900000000000,0.001000000000
1398015112,291.690000000000,0.001000000000
1398015112,301.900000000000,0.000900000000
1398015112,291.690000000000,0.001000000000
1398015112,301.900000000000,0.001000000000
1398015112,291.690000000000,0.001000000000
1398015112,301.900000000000,0.001000000000
1398015112,291.690000000000,0.001000000000
1398015112,301.900000000000,0.000900000000
1398015112,291.690000000000,0.001000000000
1398015112,301.900000000000,0.001000000000
1398015112,291.690000000000,0.001000000000
1398015112,301.900000000000,0.000900000000
1398015112,291.690000000000,0.001000000000
1398015112,301.900000000000,0.001000000000
1398015112,291.690000000000,0.001000000000
1398015112,301.900000000000,0.001000000000
1398015112,291.690000000000,0.001000000000
1398015112,301.900000000000,0.000900000000
1398015112,291.690000000000,0.001000000000
1398015112,301.900000000000,0.001000000000
1398015112,291.690000000000,0.001000000000
1398015112,301.900000000000,0.001000000000
1398015112,291.690000000000,0.001000000000
1398015112,301.900000000000,0.000900000000
1398015112,291.690000000000,0.001000000000
1398015112,301.900000000000,0.000900000000
1398015112,291.690000000000,0.001000000000
1398015112,301.900000000000,0.001000000000
1398015112,291.690000000000,0.001000000000
1398015112,301.900000000000,0.000900000000
1398015112,291.690000000000,0.001000000000
1398015112,301.900000000000,0.001000000000
1398015112,291.690000000000,0.001000000000
1398015112,301.900000000000,0.000900000000
1398015112,291.690000000000,0.001000000000
1398015112,301.900000000000,0.001000000000
1398015112,291.690000000000,0.001000000000
1398015112,301.900000000000,0.001000000000
1398015112,291.690000000000,0.001000000000
1398015112,301.900000000000,0.000900000000
1398015112,291.690000000000,0.001000000000
1398015112,301.900000000000,0.001000000000
1398015112,291.690000000000,0.001000000000
1398015112,301.900000000000,0.001000000000
1398015112,291.690000000000,0.001000000000
1398015112,301.900000000000,0.001000000000
1398015112,291.690000000000,0.001000000000
1398015112,301.900000000000,0.001000000000
1398015112,291.690000000000,0.001000000000
1398015112,301.900000000000,0.001000000000
1398015112,291.690000000000,0.001000000000
1398015112,301.900000000000,0.000900000000
1398015112,291.690000000000,0.001000000000
1398015112,301.900000000000,0.001000000000
1398015112,291.690000000000,0.001000000000
1398015112,301.900000000000,0.000900000000
1398015112,291.690000000000,0.001000000000
1398015112,301.900000000000,0.001000000000
1398015112,291.690000000000,0.001000000000
1398015112,301.900000000000,0.001000000000
1398015112,291.690000000000,0.001000000000
1398015112,301.900000000000,0.000900000000
1398015112,291.690000000000,0.001000000000
1398015112,301.900000000000,0.001000000000
1398015112,291.690000000000,0.001000000000
1398015112,301.900000000000,0.001000000000
1398015112,291.690000000000,0.001000000000
1398015112,301.900000000000,0.000900000000
1398015112,291.690000000000,0.001000000000
1398015112,301.900000000000,0.001000000000
1398015112,291.690000000000,0.001000000000
1398015112,301.900000000000,0.000900000000
1398015112,291.690000000000,0.001000000000
1398015112,301.900000000000,0.001000000000
1398015112,291.690000000000,0.001000000000
1398015112,301.900000000000,0.000900000000
1398015112,291.690000000000,0.001000000000
1398015329,302.450000000000,0.000900000000
1398015329,293.770000000000,0.001000000000
1398015329,302.450000000000,0.001000000000
1398015329,293.770000000000,0.001000000000
1398015329,302.450000000000,0.001000000000
1398015329,293.770000000000,0.001000000000
1398015329,302.450000000000,0.000900000000
1398015329,293.770000000000,0.001000000000
1398015329,302.450000000000,0.001000000000
1398015329,293.770000000000,0.001000000000
1398015329,302.450000000000,0.000900000000
1398015329,293.770000000000,0.001000000000
1398015329,302.450000000000,0.001000000000
1398015329,293.770000000000,0.001000000000
1398015329,302.450000000000,0.001000000000
1398015329,293.770000000000,0.001000000000
1398015329,302.450000000000,0.000900000000
1398015329,293.770000000000,0.001000000000
1398015329,302.450000000000,0.001000000000
1398015329,293.770000000000,0.001000000000
1398015329,302.450000000000,0.001000000000
1398015329,293.770000000000,0.001000000000
1398015329,302.450000000000,0.000900000000
1398015329,293.770000000000,0.001000000000
1398015329,302.450000000000,0.001000000000
1398015329,293.770000000000,0.001000000000
1398015329,302.450000000000,0.001000000000
1398015329,293.770000000000,0.001000000000
1398015329,302.450000000000,0.001000000000
1398015329,293.770000000000,0.001000000000
1398015329,302.450000000000,0.001000000000
1398015329,293.770000000000,0.001000000000
1398015329,302.450000000000,0.001000000000
1398015329,293.770000000000,0.001000000000
1398015329,302.450000000000,0.000900000000
1398015329,293.770000000000,0.001000000000
1398015329,302.450000000000,0.001000000000
1398015329,293.770000000000,0.001000000000
1398015329,302.450000000000,0.000900000000
1398015658,293.840000000000,0.100000000000
1398173443,300.000000000000,0.400100000000
1398173443,299.530000000000,0.100000000000
1398188846,294.000000000000,0.882500000000
1398188846,296.000000000000,1.000000000000
1398188846,296.040000000000,0.100000000000
1398205987,294.000000000000,0.175000000000
1398205989,294.000000000000,0.175000000000
1398206578,294.000000000000,1.767400000000
1398263163,294.000000000000,0.425700000000
1398263166,294.000000000000,0.205900000000
1398263467,294.730000000000,8.370600000000
1398263467,294.450000000000,0.011800000000
1398263467,294.390000000000,0.100000000000
1398264213,294.000000000000,0.619700000000
1398264984,294.000000000000,0.748700000000
1398270193,285.970000000000,1.129400000000
1398270193,286.230000000000,0.215000000000
1398270193,290.000000000000,0.222600000000
1398341413,294.750000000000,0.016900000000
1398343659,294.540000000000,3.107100000000
1398343659,294.460000000000,0.221700000000
1398343659,294.450000000000,0.049400000000
1398356059,294.840000000000,0.100000000000
1398396669,293.000000000000,1.000000000000
1398407744,290.010000000000,0.100000000000
1398407795,290.000000000000,0.680000000000
1398407795,290.010000000000,0.100000000000
1398407864,290.000000000000,0.020000000000
1398407864,290.010000000000,0.100000000000
1398420429,292.360000000000,2.288000000000
1398420429,292.330000000000,0.002000000000
1398420429,292.300000000000,0.002000000000
1398420429,292.270000000000,0.002000000000
1398420429,292.240000000000,0.002000000000
1398420429,292.210000000000,0.002000000000
1398420429,292.180000000000,0.002000000000
1398423247,285.000000000000,0.019000000000
1398423247,290.000000000000,0.080000000000
1398423247,290.010000000000,0.022900000000
1398430416,285.000000000000,0.140000000000
1398430416,285.000000000000,0.940500000000
1398430444,284.180000000000,0.240000000000
1398430459,284.180000000000,0.240000000000
1398430550,280.000000000000,1.000000000000
1398430550,280.000000000000,0.100000000000
1398430644,275.000000000000,1.339500000000
1398430763,275.000000000000,0.063200000000
1398430763,275.000000000000,0.160500000000
1398432674,260.000000000000,0.500000000000
1398432674,260.000000000000,1.500000000000
1398432674,270.000000000000,0.300000000000
1398432674,275.000000000000,2.000000000000
1398432674,275.000000000000,0.436800000000
1398441497,268.000000000000,5.000000000000
1398441848,268.000000000000,2.512300000000
1398441848,268.210000000000,2.487700000000
1398441870,225.000000000000,0.970400000000
1398441870,250.000000000000,2.000000000000
1398441870,265.000000000000,2.000000000000
1398441870,268.000000000000,5.029600000000
1398449935,268.380000000000,3.450000000000
1398449935,268.390000000000,1.350000000000
1398449935,268.440000000000,0.200000000000
1398456152,278.580000000000,0.033700000000
1398456152,278.020000000000,0.166300000000
1398544865,278.000000000000,2.079700000000
1398544869,278.000000000000,0.889400000000
1398544886,278.000000000000,2.030800000000
1398550397,235.000000000000,0.189200000000
1398550397,250.000000000000,0.300000000000
1398550397,269.840000000000,0.010800000000
1398550555,277.670000000000,0.300000000000
1398550842,268.710000000000,0.300000000000
1398664857,268.900000000000,0.021700000000
1398673266,276.440000000000,0.453000000000
1398673266,276.430000000000,0.637400000000
1398673266,276.410000000000,0.021500000000
1398673266,276.400000000000,0.317000000000
1398673300,276.410000000000,0.000100000000
1398673522,251.130000000000,8.160100000000
1398673522,259.310000000000,1.400000000000
1398673522,268.900000000000,0.021700000000
1398673528,258.150000000000,1.400000000000
1398673528,268.900000000000,0.021700000000
1398673534,258.150000000000,1.400000000000
1398673534,268.900000000000,0.021700000000
1398673542,258.150000000000,1.400000000000
1398673542,258.150000000000,0.021700000000
1398673555,258.150000000000,1.400000000000
1398673555,258.150000000000,0.021700000000
1398673564,258.150000000000,1.400000000000
1398673564,268.900000000000,0.021700000000
1398673573,258.150000000000,1.285400000000
1398673573,258.150000000000,0.021700000000
1398673581,268.900000000000,0.021700000000
1398673586,268.900000000000,0.021700000000
1398673591,268.900000000000,0.021700000000
1398673595,268.900000000000,0.021700000000
1398673599,268.900000000000,0.021700000000
1398673605,268.900000000000,0.021700000000
1398673612,268.900000000000,0.021700000000
1398673620,268.900000000000,0.021700000000
1398673625,268.900000000000,0.021700000000
1398673636,268.900000000000,0.021700000000
1398673640,268.900000000000,0.021700000000
1398673643,268.900000000000,0.021700000000
1398673647,268.900000000000,0.021700000000
1398673653,268.900000000000,0.021700000000
1398673657,268.900000000000,0.021700000000
1398673665,268.900000000000,0.021700000000
1398673669,268.900000000000,0.021700000000
1398673676,268.900000000000,0.021700000000
1398673681,268.900000000000,0.021700000000
1398673689,268.900000000000,0.021700000000
1398673693,268.900000000000,0.021700000000
1398673699,268.900000000000,0.021700000000
1398673704,268.900000000000,0.021700000000
1398673711,268.900000000000,0.021700000000
1398673718,268.900000000000,0.021700000000
1398673722,268.900000000000,0.021700000000
1398673728,268.900000000000,0.021700000000
1398673744,268.900000000000,0.021700000000
1398673747,268.900000000000,0.021700000000
1398673752,268.900000000000,0.021700000000
1398673757,268.900000000000,0.021700000000
1398673762,268.900000000000,0.021700000000
1398673767,268.900000000000,0.021700000000
1398673774,268.900000000000,0.021700000000
1398673777,268.900000000000,0.021700000000
1398673785,268.900000000000,0.021700000000
1398673790,268.900000000000,0.021700000000
1398673793,268.900000000000,0.021700000000
1398673797,268.900000000000,0.021700000000
1398673803,268.900000000000,0.021700000000
1398673809,268.900000000000,0.021700000000
1398673812,268.900000000000,0.021700000000
1398673817,268.900000000000,0.021700000000
1398673823,268.900000000000,0.021700000000
1398673831,268.900000000000,0.021700000000
1398673835,268.900000000000,0.021700000000
1398673839,268.900000000000,0.021700000000
1398673846,268.900000000000,0.021700000000
1398673855,268.900000000000,0.021700000000
1398673859,268.900000000000,0.021700000000
1398673865,268.900000000000,0.021700000000
1398673870,268.900000000000,0.021700000000
1398673874,268.900000000000,0.021700000000
1398673878,268.900000000000,0.021700000000
1398673884,268.900000000000,0.021700000000
1398673891,268.900000000000,0.021700000000
1398673900,268.900000000000,0.021700000000
1398673904,268.900000000000,0.021700000000
1398673908,268.900000000000,0.021700000000
1398673914,268.900000000000,0.021700000000
1398673919,268.900000000000,0.021700000000
1398673923,268.900000000000,0.021700000000
1398673927,268.900000000000,0.021700000000
1398673933,268.900000000000,0.021700000000
1398673944,268.900000000000,0.021700000000
1398673949,268.900000000000,0.021700000000
1398673954,268.900000000000,0.021700000000
1398673959,268.900000000000,0.021700000000
1398673963,268.900000000000,0.021700000000
1398673967,268.900000000000,0.021700000000
1398673971,268.900000000000,0.021700000000
1398673977,268.900000000000,0.021700000000
1398673981,268.900000000000,0.021700000000
1398673987,268.900000000000,0.021700000000
1398673992,268.900000000000,0.021700000000
1398673996,268.900000000000,0.021700000000
1398673999,268.900000000000,0.021700000000
1398674004,268.900000000000,0.021700000000
1398674009,268.900000000000,0.021700000000
1398674018,268.900000000000,0.021700000000
1398674025,268.900000000000,0.021700000000
1398674032,268.900000000000,0.021700000000
1398674036,268.900000000000,0.021700000000
1398674042,268.900000000000,0.021700000000
1398674046,268.900000000000,0.021700000000
1398674050,268.900000000000,0.021700000000
1398674054,268.900000000000,0.021700000000
1398674059,268.900000000000,0.021700000000
1398674065,268.900000000000,0.021700000000
1398674074,268.900000000000,0.021700000000
1398674080,268.900000000000,0.021700000000
1398674086,268.900000000000,0.021700000000
1398674090,268.900000000000,0.021700000000
1398674096,268.900000000000,0.021700000000
1398674105,268.900000000000,0.021700000000
1398674113,268.900000000000,0.021700000000
1398674118,268.900000000000,0.021700000000
1398674123,268.900000000000,0.021700000000
1398674126,268.900000000000,0.021700000000
1398674132,268.900000000000,0.021700000000
1398674138,268.900000000000,0.021700000000
1398674145,268.900000000000,0.021700000000
1398674151,268.900000000000,0.021700000000
1398674154,268.900000000000,0.021700000000
1398674158,268.900000000000,0.021700000000
1398674164,268.900000000000,0.021700000000
1398674168,268.900000000000,0.021700000000
1398674174,268.900000000000,0.021700000000
1398674179,268.900000000000,0.021700000000
1398674184,268.900000000000,0.021700000000
1398674189,268.900000000000,0.021700000000
1398674197,268.900000000000,0.021700000000
1398674203,268.900000000000,0.021700000000
1398674214,268.900000000000,0.021700000000
1398674218,268.900000000000,0.021700000000
1398674226,268.900000000000,0.021700000000
1398674230,268.900000000000,0.021700000000
1398674235,268.900000000000,0.021700000000
1398674243,268.900000000000,0.021700000000
1398674250,268.900000000000,0.021700000000
1398674261,268.900000000000,0.021700000000
1398674269,268.900000000000,0.021700000000
1398674274,268.900000000000,0.021700000000
1398674278,268.900000000000,0.021700000000
1398674281,268.900000000000,0.021700000000
1398674286,268.900000000000,0.021700000000
1398674294,268.900000000000,0.021700000000
1398674300,268.900000000000,0.021700000000
1398674304,268.900000000000,0.021700000000
1398674312,268.900000000000,0.021700000000
1398674318,268.900000000000,0.021700000000
1398674323,268.900000000000,0.021700000000
1398674328,268.900000000000,0.021700000000
1398674334,268.900000000000,0.021700000000
1398674340,268.900000000000,0.021700000000
1398674346,268.900000000000,0.021700000000
1398674354,268.900000000000,0.021700000000
1398674360,268.900000000000,0.021700000000
1398674370,268.900000000000,0.021700000000
1398674378,268.900000000000,0.021700000000
1398674384,268.900000000000,0.021700000000
1398674392,268.900000000000,0.021700000000
1398674397,268.900000000000,0.021700000000
1398674401,268.900000000000,0.021700000000
1398674411,268.900000000000,0.021700000000
1398674419,268.900000000000,0.021700000000
1398674423,268.900000000000,0.021700000000
1398674430,268.900000000000,0.021700000000
1398674435,268.900000000000,0.021700000000
1398674442,268.900000000000,0.021700000000
1398674445,268.900000000000,0.021700000000
1398674449,268.900000000000,0.021700000000
1398674456,268.900000000000,0.021700000000
1398674461,268.900000000000,0.021700000000
1398674466,268.900000000000,0.021700000000
1398674470,268.900000000000,0.021700000000
1398674474,268.900000000000,0.021700000000
1398674477,268.900000000000,0.021700000000
1398674482,268.900000000000,0.021700000000
1398674489,268.900000000000,0.021700000000
1398674492,268.900000000000,0.021700000000
1398674498,268.900000000000,0.021700000000
1398674503,268.900000000000,0.021700000000
1398674508,268.900000000000,0.021700000000
1398674515,268.900000000000,0.021700000000
1398674521,268.900000000000,0.021700000000
1398674525,266.550000000000,0.021700000000
1398674533,266.550000000000,0.021700000000
1398674540,268.900000000000,0.021700000000
1398674544,266.550000000000,0.021700000000
1398674552,266.550000000000,0.021700000000
1398674557,268.900000000000,0.021700000000
1398674563,266.550000000000,0.021700000000
1398674571,266.550000000000,0.021700000000
1398674575,266.550000000000,0.021700000000
1398674583,266.550000000000,0.021700000000
1398674589,266.550000000000,0.021700000000
1398674599,268.900000000000,0.021700000000
1398674603,266.550000000000,0.021700000000
1398674608,266.550000000000,0.021700000000
1398674615,266.550000000000,0.021700000000
1398674620,266.550000000000,0.021700000000
1398674629,268.900000000000,0.021700000000
1398674634,266.550000000000,0.021700000000
1398674639,266.550000000000,0.021700000000
1398674642,266.550000000000,0.021700000000
1398674647,268.900000000000,0.021700000000
1398674652,266.550000000000,0.021700000000
1398674656,266.550000000000,0.021700000000
1398674661,268.900000000000,0.021700000000
1398674665,268.900000000000,0.021700000000
1398674671,266.550000000000,0.021700000000
1398674678,266.550000000000,0.021700000000
1398674684,266.550000000000,0.021700000000
1398674691,266.550000000000,0.021700000000
1398674696,268.900000000000,0.021700000000
1398674707,266.550000000000,0.021700000000
1398674711,266.550000000000,0.021700000000
1398674716,266.550000000000,0.021700000000
1398674723,268.900000000000,0.021700000000
1398674729,266.550000000000,0.021700000000
1398674734,268.900000000000,0.021700000000
1398674744,266.550000000000,0.021700000000
1398674748,266.550000000000,0.021700000000
1398674754,266.550000000000,0.021700000000
1398674761,266.550000000000,0.021700000000
1398674766,268.900000000000,0.021700000000
1398674771,266.550000000000,0.021700000000
1398674779,268.900000000000,0.021700000000
1398674784,266.550000000000,0.021700000000
1398674794,268.900000000000,0.021700000000
1398674800,266.550000000000,0.021700000000
1398674809,266.550000000000,0.021700000000
1398674812,266.550000000000,0.021700000000
1398674816,266.550000000000,0.021700000000
1398674820,266.550000000000,0.021700000000
1398674824,268.900000000000,0.021700000000
1398674828,266.550000000000,0.021700000000
1398674836,266.550000000000,0.021700000000
1398674841,268.900000000000,0.021700000000
1398674848,266.550000000000,0.021700000000
1398674856,266.550000000000,0.021700000000
1398674861,268.900000000000,0.021700000000
1398674866,266.550000000000,0.021700000000
1398674870,266.550000000000,0.021700000000
1398674874,266.550000000000,0.021700000000
1398674880,268.900000000000,0.021700000000
1398674884,266.550000000000,0.021700000000
1398674891,266.550000000000,0.021700000000
1398674898,266.550000000000,0.021700000000
1398674903,268.900000000000,0.021700000000
1398674908,266.550000000000,0.021700000000
1398674913,266.550000000000,0.021700000000
1398674917,268.900000000000,0.021700000000
1398674922,266.550000000000,0.021700000000
1398674927,266.550000000000,0.021700000000
1398674932,266.550000000000,0.021700000000
1398674936,266.550000000000,0.021700000000
1398674943,268.900000000000,0.021700000000
1398674953,266.550000000000,0.021700000000
1398674958,266.550000000000,0.021700000000
1398674966,268.900000000000,0.021700000000
1398674972,266.550000000000,0.021700000000
1398674978,266.550000000000,0.021700000000
1398674982,268.900000000000,0.021700000000
1398674986,266.550000000000,0.021700000000
1398674991,266.550000000000,0.021700000000
1398674995,266.550000000000,0.021700000000
1398675001,266.550000000000,0.021700000000
1398675005,266.550000000000,0.021700000000
1398675010,268.900000000000,0.021700000000
1398675022,268.900000000000,0.021700000000
1398675026,266.550000000000,0.021700000000
1398675031,266.550000000000,0.021700000000
1398675039,266.550000000000,0.021700000000
1398675044,268.900000000000,0.021700000000
1398675051,266.550000000000,0.021700000000
1398675060,266.550000000000,0.021700000000
1398675065,266.550000000000,0.021700000000
1398675073,266.550000000000,0.021700000000
1398675083,268.900000000000,0.021700000000
1398675088,268.900000000000,0.021700000000
1398675091,266.550000000000,0.021700000000
1398675099,266.550000000000,0.021700000000
1398675103,266.550000000000,0.021700000000
1398675109,266.550000000000,0.021700000000
1398675147,268.900000000000,0.021700000000
1398675152,266.550000000000,0.021700000000
1398675157,266.550000000000,0.021700000000
1398675165,268.900000000000,0.021700000000
1398675170,266.550000000000,0.021700000000
1398675176,266.550000000000,0.021700000000
1398675182,266.550000000000,0.021700000000
1398675190,266.550000000000,0.021700000000
1398675198,266.550000000000,0.021700000000
1398675204,268.900000000000,0.021700000000
1398675216,268.900000000000,0.021700000000
1398675223,266.550000000000,0.021700000000
1398675231,266.550000000000,0.021700000000
1398675239,266.550000000000,0.021700000000
1398675250,266.550000000000,0.021700000000
1398675254,266.550000000000,0.021700000000
1398675255,268.900000000000,0.021700000000
1398675260,268.900000000000,0.021700000000
1398675268,268.900000000000,0.021700000000
1398675277,268.900000000000,0.021700000000
1398675285,268.900000000000,0.021700000000
1398675295,268.900000000000,0.021700000000
1398675303,268.900000000000,0.021700000000
1398675311,268.900000000000,0.021700000000
1398675319,268.900000000000,0.021700000000
1398675335,268.900000000000,0.021700000000
1398675343,268.900000000000,0.021700000000
1398675357,268.900000000000,0.021700000000
1398675386,268.900000000000,0.021700000000
1398675418,268.900000000000,0.021700000000
1398675430,268.900000000000,0.021700000000
1398675442,268.900000000000,0.021700000000
1398675456,268.900000000000,0.021700000000
1398675477,268.900000000000,0.021700000000
1398675495,268.900000000000,0.021700000000
1398675507,268.900000000000,0.021700000000
1398675519,268.900000000000,0.021700000000
1398675533,268.900000000000,0.021700000000
1398675541,268.900000000000,0.021700000000
1398675565,268.900000000000,0.021700000000
1398675570,268.900000000000,0.021700000000
1398675574,266.550000000000,0.021700000000
1398675620,268.900000000000,0.021700000000
1398675677,268.900000000000,0.021700000000
1398675709,268.900000000000,0.021700000000
1398675727,268.900000000000,0.021700000000
1398675757,268.900000000000,0.021700000000
1398675765,268.900000000000,0.021700000000
1398675778,268.900000000000,0.021700000000
1398675806,268.900000000000,0.021700000000
1398675939,268.900000000000,0.021700000000
1398675980,268.900000000000,0.021700000000
1398676004,268.900000000000,0.021700000000
1398676016,268.900000000000,0.021700000000
1398676026,268.900000000000,0.021700000000
1398676034,268.900000000000,0.021700000000
1398676048,268.900000000000,0.021700000000
1398676066,268.900000000000,0.021700000000
1398676115,268.900000000000,0.021700000000
1398676125,268.900000000000,0.021700000000
1398676135,268.900000000000,0.021700000000
1398676147,268.900000000000,0.021700000000
1398676155,268.900000000000,0.021700000000
1398676163,268.900000000000,0.021700000000
1398676171,268.900000000000,0.021700000000
1398676184,268.900000000000,0.021700000000
1398676252,268.900000000000,0.021700000000
1398676266,268.900000000000,0.021700000000
1398676278,268.900000000000,0.021700000000
1398676406,268.900000000000,0.021700000000
1398676414,268.900000000000,0.021700000000
1398676456,268.900000000000,0.021700000000
1398676464,268.900000000000,0.021700000000
1398676483,268.900000000000,0.021700000000
1398676493,268.900000000000,0.021700000000
1398676503,268.900000000000,0.021700000000
1398676650,268.900000000000,0.021700000000
1398676668,268.900000000000,0.021700000000
1398676680,268.900000000000,0.021700000000
1398676737,268.900000000000,0.021700000000
1398676751,268.900000000000,0.021700000000
1398676771,268.900000000000,0.021700000000
1398676781,268.900000000000,0.021700000000
1398676790,268.900000000000,0.021700000000
1398676818,268.900000000000,0.021700000000
1398676826,268.900000000000,0.021700000000
1398676838,268.900000000000,0.021700000000
1398676862,268.900000000000,0.021700000000
1398676880,268.900000000000,0.021700000000
1398676889,268.900000000000,0.021700000000
1398676894,268.900000000000,0.021700000000
1398676897,266.550000000000,0.021700000000
1398676915,268.900000000000,0.021700000000
1398676937,268.900000000000,0.021700000000
1398676945,268.900000000000,0.021700000000
1398676961,268.900000000000,0.021700000000
1398676973,268.900000000000,0.021700000000
1398676983,268.900000000000,0.021700000000
1398676992,268.900000000000,0.021700000000
1398677004,268.900000000000,0.021700000000
1398677016,268.900000000000,0.021700000000
1398677028,268.900000000000,0.021700000000
1398677038,268.900000000000,0.021700000000
1398677052,268.900000000000,0.021700000000
1398677060,268.900000000000,0.021700000000
1398677068,268.900000000000,0.021700000000
1398677070,266.550000000000,0.021700000000
1398677074,266.550000000000,0.021700000000
1398677078,266.550000000000,0.021700000000
1398677082,266.550000000000,0.021700000000
1398677086,266.550000000000,0.021700000000
1398677091,266.550000000000,0.021700000000
1398677095,266.550000000000,0.021700000000
1398677099,266.550000000000,0.021700000000
1398677103,266.550000000000,0.021700000000
1398677107,266.550000000000,0.021700000000
1398677111,266.550000000000,0.021700000000
1398677115,266.550000000000,0.021700000000
1398677119,266.550000000000,0.021700000000
1398677123,266.550000000000,0.021700000000
1398677127,266.550000000000,0.021700000000
1398677133,266.550000000000,0.021700000000
1398677137,266.550000000000,0.021700000000
1398677141,266.550000000000,0.021700000000
1398677145,266.550000000000,0.021700000000
1398677149,266.550000000000,0.021700000000
1398677157,266.550000000000,0.021700000000
1398677167,266.550000000000,0.021700000000
1398677173,266.550000000000,0.021700000000
1398677177,266.550000000000,0.021700000000
1398677183,266.550000000000,0.021700000000
1398677187,266.550000000000,0.021700000000
1398677192,266.550000000000,0.021700000000
1398677196,266.550000000000,0.021700000000
1398677200,266.550000000000,0.021700000000
1398677204,266.550000000000,0.021700000000
1398677210,266.550000000000,0.021700000000
1398677216,266.550000000000,0.021700000000
1398677222,266.550000000000,0.021700000000
1398677226,266.550000000000,0.021700000000
1398677232,266.550000000000,0.021700000000
1398677236,266.550000000000,0.021700000000
1398677240,266.550000000000,0.021700000000
1398677244,266.550000000000,0.021700000000
1398677248,266.550000000000,0.021700000000
1398677252,266.550000000000,0.021700000000
1398677258,266.550000000000,0.021700000000
1398677262,266.550000000000,0.021700000000
1398677266,266.550000000000,0.021700000000
1398677270,266.550000000000,0.021700000000
1398677276,266.550000000000,0.021700000000
1398677284,266.550000000000,0.021700000000
1398677291,266.550000000000,0.021700000000
1398677295,266.550000000000,0.021700000000
1398677299,266.550000000000,0.021700000000
1398677303,266.550000000000,0.021700000000
1398677307,266.550000000000,0.021700000000
1398677311,266.550000000000,0.021700000000
1398677315,266.550000000000,0.021700000000
1398677319,266.550000000000,0.021700000000
1398677325,266.550000000000,0.021700000000
1398677329,266.550000000000,0.021700000000
1398677333,266.550000000000,0.021700000000
1398677339,266.550000000000,0.021700000000
1398677343,266.550000000000,0.021700000000
1398677347,266.550000000000,0.021700000000
1398677351,266.550000000000,0.021700000000
1398677355,266.550000000000,0.021700000000
1398677359,266.550000000000,0.021700000000
1398677363,266.550000000000,0.021700000000
1398677367,266.550000000000,0.021700000000
1398677371,266.550000000000,0.021700000000
1398677377,266.550000000000,0.021700000000
1398677381,266.550000000000,0.021700000000
1398677385,266.550000000000,0.021700000000
1398677389,266.550000000000,0.021700000000
1398677396,266.550000000000,0.021700000000
1398677400,266.550000000000,0.021700000000
1398677404,266.550000000000,0.021700000000
1398677408,266.550000000000,0.021700000000
1398677412,266.550000000000,0.021700000000
1398677416,266.550000000000,0.021700000000
1398677420,266.550000000000,0.021700000000
1398677424,266.550000000000,0.021700000000
1398677428,266.550000000000,0.021700000000
1398677432,266.550000000000,0.021700000000
1398677436,266.550000000000,0.021700000000
1398677440,266.550000000000,0.021700000000
1398677444,266.550000000000,0.021700000000
1398677448,266.550000000000,0.021700000000
1398677452,266.550000000000,0.021700000000
1398677456,266.550000000000,0.021700000000
1398677460,266.550000000000,0.021700000000
1398677464,266.550000000000,0.021700000000
1398677468,266.550000000000,0.021700000000
1398677472,266.550000000000,0.021700000000
1398677476,266.550000000000,0.021700000000
1398677480,266.550000000000,0.021700000000
1398677484,266.550000000000,0.021700000000
1398677488,266.550000000000,0.021700000000
1398677493,266.550000000000,0.021700000000
1398677497,266.550000000000,0.021700000000
1398677501,266.550000000000,0.021700000000
1398677505,266.550000000000,0.021700000000
1398677509,266.550000000000,0.021700000000
1398677513,266.550000000000,0.021700000000
1398677517,266.550000000000,0.021700000000
1398677521,266.550000000000,0.021700000000
1398677525,266.550000000000,0.021700000000
1398677529,266.550000000000,0.021700000000
1398677533,266.550000000000,0.021700000000
1398677537,266.550000000000,0.021700000000
1398677541,266.550000000000,0.021700000000
1398677545,266.550000000000,0.021700000000
1398677549,266.550000000000,0.021700000000
1398677553,266.550000000000,0.021700000000
1398677557,266.550000000000,0.021700000000
1398677561,266.550000000000,0.021700000000
1398677565,266.550000000000,0.021700000000
1398677569,266.550000000000,0.021700000000
1398677573,266.550000000000,0.021700000000
1398677577,266.550000000000,0.021700000000
1398677581,266.550000000000,0.021700000000
1398677585,266.550000000000,0.021700000000
1398677589,266.550000000000,0.021700000000
1398677594,266.550000000000,0.021700000000
1398677598,266.550000000000,0.021700000000
1398677602,266.550000000000,0.021700000000
1398677606,266.550000000000,0.021700000000
1398677610,266.550000000000,0.021700000000
1398677614,266.550000000000,0.021700000000
1398677618,266.550000000000,0.021700000000
1398677622,266.550000000000,0.021700000000
1398677628,266.550000000000,0.021700000000
1398677632,266.550000000000,0.021700000000
1398677636,266.550000000000,0.021700000000
1398677640,266.550000000000,0.021700000000
1398677644,266.550000000000,0.021700000000
1398677648,266.550000000000,0.021700000000
1398677652,266.550000000000,0.021700000000
1398677656,266.550000000000,0.021700000000
1398677664,266.550000000000,0.021700000000
1398677668,266.550000000000,0.021700000000
1398677672,266.550000000000,0.021700000000
1398677676,266.550000000000,0.021700000000
1398677682,266.550000000000,0.021700000000
1398677686,266.550000000000,0.021700000000
1398677690,266.550000000000,0.021700000000
1398677695,266.550000000000,0.021700000000
1398677699,266.550000000000,0.021700000000
1398677703,266.550000000000,0.021700000000
1398677707,266.550000000000,0.021700000000
1398677711,266.550000000000,0.021700000000
1398677715,266.550000000000,0.021700000000
1398677719,266.550000000000,0.021700000000
1398677725,266.550000000000,0.021700000000
1398677729,266.550000000000,0.021700000000
1398677733,266.550000000000,0.021700000000
1398677737,266.550000000000,0.021700000000
1398677741,266.550000000000,0.021700000000
1398677745,266.550000000000,0.021700000000
1398677749,266.550000000000,0.021700000000
1398677753,266.550000000000,0.021700000000
1398677757,266.550000000000,0.021700000000
1398677761,266.550000000000,0.021700000000
1398677765,266.550000000000,0.021700000000
1398677769,266.550000000000,0.021700000000
1398677773,266.550000000000,0.021700000000
1398677777,266.550000000000,0.021700000000
1398677781,266.550000000000,0.021700000000
1398677785,266.550000000000,0.021700000000
1398677789,266.550000000000,0.021700000000
1398677793,266.550000000000,0.021700000000
1398677798,266.550000000000,0.021700000000
1398677802,266.550000000000,0.021700000000
1398677806,266.550000000000,0.021700000000
1398677810,266.550000000000,0.021700000000
1398677816,266.550000000000,0.021700000000
1398677820,266.550000000000,0.021700000000
1398677830,266.550000000000,0.021700000000
1398677836,266.550000000000,0.021700000000
1398677846,266.550000000000,0.021700000000
1398677850,266.550000000000,0.021700000000
1398677854,266.550000000000,0.021700000000
1398677858,266.550000000000,0.021700000000
1398677862,266.550000000000,0.021700000000
1398677866,266.550000000000,0.021700000000
1398677870,266.550000000000,0.021700000000
1398677874,266.550000000000,0.021700000000
1398677878,266.550000000000,0.021700000000
1398677882,266.550000000000,0.021700000000
1398677892,266.550000000000,0.021700000000
1398677897,266.550000000000,0.021700000000
1398677901,266.550000000000,0.021700000000
1398677905,266.550000000000,0.021700000000
1398677909,266.550000000000,0.021700000000
1398677913,266.550000000000,0.021700000000
1398677917,266.550000000000,0.021700000000
1398677921,266.550000000000,0.021700000000
1398677933,266.550000000000,0.021700000000
1398677941,266.550000000000,0.021700000000
1398677947,266.550000000000,0.021700000000
1398677951,266.550000000000,0.021700000000
1398677957,266.550000000000,0.021700000000
1398677961,266.550000000000,0.021700000000
1398677965,266.550000000000,0.021700000000
1398677969,266.550000000000,0.021700000000
1398677973,266.550000000000,0.021700000000
1398677977,266.550000000000,0.021700000000
1398677981,266.550000000000,0.021700000000
1398677989,266.550000000000,0.021700000000
1398677993,266.550000000000,0.021700000000
1398677998,266.550000000000,0.021700000000
1398678004,266.550000000000,0.021700000000
1398678012,266.550000000000,0.021700000000
1398678016,266.550000000000,0.021700000000
1398678020,266.550000000000,0.021700000000
1398678024,266.550000000000,0.021700000000
1398678028,266.550000000000,0.021700000000
1398678032,266.550000000000,0.021700000000
1398678040,266.550000000000,0.021700000000
1398678044,266.550000000000,0.021700000000
1398678054,266.550000000000,0.021700000000
1398678058,266.550000000000,0.021700000000
1398678062,266.550000000000,0.021700000000
1398678066,266.550000000000,0.021700000000
1398678070,266.550000000000,0.021700000000
1398678074,266.550000000000,0.021700000000
1398678078,266.550000000000,0.021700000000
1398678082,266.550000000000,0.021700000000
1398678086,266.550000000000,0.021700000000
1398678094,266.550000000000,0.021700000000
1398678101,266.550000000000,0.021700000000
1398678105,266.550000000000,0.021700000000
1398678109,266.550000000000,0.021700000000
1398678113,266.550000000000,0.021700000000
1398678117,266.550000000000,0.021700000000
1398678121,266.550000000000,0.021700000000
1398678125,266.550000000000,0.021700000000
1398678129,266.550000000000,0.021700000000
1398678133,266.550000000000,0.021700000000
1398678137,266.550000000000,0.021700000000
1398678141,266.550000000000,0.021700000000
1398678145,266.550000000000,0.021700000000
1398678149,266.550000000000,0.021700000000
1398678153,266.550000000000,0.021700000000
1398678161,266.550000000000,0.021700000000
1398678165,266.550000000000,0.021700000000
1398678169,266.550000000000,0.021700000000
1398678173,266.550000000000,0.021700000000
1398678177,266.550000000000,0.021700000000
1398678181,266.550000000000,0.021700000000
1398678185,266.550000000000,0.021700000000
1398678189,266.550000000000,0.021700000000
1398678193,266.550000000000,0.021700000000
1398678197,266.550000000000,0.021700000000
1398678202,266.550000000000,0.021700000000
1398678206,266.550000000000,0.021700000000
1398678210,266.550000000000,0.021700000000
1398678214,266.550000000000,0.021700000000
1398678218,266.550000000000,0.021700000000
1398678222,266.550000000000,0.021700000000
1398678228,266.550000000000,0.021700000000
1398678232,266.550000000000,0.021700000000
1398678236,266.550000000000,0.021700000000
1398678240,266.550000000000,0.021700000000
1398678244,266.550000000000,0.021700000000
1398678248,266.550000000000,0.021700000000
1398678254,266.550000000000,0.021700000000
1398678258,266.550000000000,0.021700000000
1398678264,266.550000000000,0.021700000000
1398678268,266.550000000000,0.021700000000
1398678272,266.550000000000,0.021700000000
1398678276,266.550000000000,0.021700000000
1398678280,266.550000000000,0.021700000000
1398678286,266.550000000000,0.021700000000
1398678290,266.550000000000,0.021700000000
1398678294,266.550000000000,0.021700000000
1398678298,266.550000000000,0.021700000000
1398678303,266.550000000000,0.021700000000
1398678307,266.550000000000,0.021700000000
1398678311,266.550000000000,0.021700000000
1398678315,266.550000000000,0.021700000000
1398678321,266.550000000000,0.021700000000
1398678325,266.550000000000,0.021700000000
1398678329,266.550000000000,0.021700000000
1398678339,266.550000000000,0.021700000000
1398678343,266.550000000000,0.021700000000
1398678347,266.550000000000,0.021700000000
1398678351,266.550000000000,0.021700000000
1398678355,266.550000000000,0.021700000000
1398678359,266.550000000000,0.021700000000
1398678363,266.550000000000,0.021700000000
1398678367,266.550000000000,0.021700000000
1398678373,266.550000000000,0.021700000000
1398678377,266.550000000000,0.021700000000
1398678381,266.550000000000,0.021700000000
1398678385,266.550000000000,0.021700000000
1398678389,266.550000000000,0.021700000000
1398678393,266.550000000000,0.021700000000
1398678397,266.550000000000,0.021700000000
1398678402,266.550000000000,0.021700000000
1398678406,266.550000000000,0.021700000000
1398678410,266.550000000000,0.021700000000
1398678414,266.550000000000,0.021700000000
1398678420,266.550000000000,0.021700000000
1398678424,266.550000000000,0.021700000000
1398678428,266.550000000000,0.021700000000
1398678436,266.550000000000,0.021700000000
1398678440,266.550000000000,0.021700000000
1398678444,266.550000000000,0.021700000000
1398678448,266.550000000000,0.021700000000
1398678452,266.550000000000,0.021700000000
1398678456,266.550000000000,0.021700000000
1398678460,266.550000000000,0.021700000000
1398678464,266.550000000000,0.021700000000
1398678468,266.550000000000,0.021700000000
1398678474,266.550000000000,0.021700000000
1398678478,266.550000000000,0.021700000000
1398678484,266.550000000000,0.021700000000
1398678488,266.550000000000,0.021700000000
1398678492,266.550000000000,0.021700000000
1398678496,266.550000000000,0.021700000000
1398678500,266.550000000000,0.021700000000
1398678505,266.550000000000,0.021700000000
1398678509,266.550000000000,0.021700000000
1398678513,266.550000000000,0.021700000000
1398678517,266.550000000000,0.021700000000
1398678521,266.550000000000,0.021700000000
1398678525,266.550000000000,0.021700000000
1398678533,266.550000000000,0.021700000000
1398678537,266.550000000000,0.021700000000
1398678541,266.550000000000,0.021700000000
1398678553,266.550000000000,0.021700000000
1398678557,266.550000000000,0.021700000000
1398678561,266.550000000000,0.021700000000
1398678565,266.550000000000,0.021700000000
1398678569,266.550000000000,0.021700000000
1398678573,266.550000000000,0.021700000000
1398678577,266.550000000000,0.021700000000
1398678581,266.550000000000,0.021700000000
1398678585,266.550000000000,0.021700000000
1398678589,266.550000000000,0.021700000000
1398678593,266.550000000000,0.021700000000
1398678599,266.550000000000,0.021700000000
1398678604,266.550000000000,0.021700000000
1398678614,266.550000000000,0.021700000000
1398678618,266.550000000000,0.021700000000
1398678622,266.550000000000,0.021700000000
1398678626,266.550000000000,0.021700000000
1398678630,266.550000000000,0.021700000000
1398678634,266.550000000000,0.021700000000
1398678638,266.550000000000,0.021700000000
1398678646,266.550000000000,0.021700000000
1398678654,266.550000000000,0.021700000000
1398678658,266.550000000000,0.021700000000
1398678662,266.550000000000,0.021700000000
1398678666,266.550000000000,0.021700000000
1398678670,266.550000000000,0.021700000000
1398678674,266.550000000000,0.021700000000
1398678678,266.550000000000,0.021700000000
1398678682,266.550000000000,0.021700000000
1398678686,266.550000000000,0.021700000000
1398678690,266.550000000000,0.021700000000
1398678694,266.550000000000,0.021700000000
1398678698,266.550000000000,0.021700000000
1398678703,266.550000000000,0.021700000000
1398678711,266.550000000000,0.021700000000
1398678715,266.550000000000,0.021700000000
1398678721,266.550000000000,0.021700000000
1398678727,266.550000000000,0.021700000000
1398678731,266.550000000000,0.021700000000
1398678735,266.550000000000,0.021700000000
1398678739,266.550000000000,0.021700000000
1398678743,266.550000000000,0.021700000000
1398678751,266.550000000000,0.021700000000
1398678759,266.550000000000,0.021700000000
1398678763,266.550000000000,0.021700000000
1398678767,266.550000000000,0.021700000000
1398678773,266.550000000000,0.021700000000
1398678777,266.550000000000,0.021700000000
1398678781,266.550000000000,0.021700000000
1398678785,266.550000000000,0.021700000000
1398678789,266.550000000000,0.021700000000
1398678793,266.550000000000,0.021700000000
1398678798,266.550000000000,0.021700000000
1398678803,266.550000000000,0.021700000000
1398678812,266.550000000000,0.021700000000
1398678816,266.550000000000,0.021700000000
1398678820,266.550000000000,0.021700000000
1398678824,266.550000000000,0.021700000000
1398678828,266.550000000000,0.021700000000
1398678832,266.550000000000,0.021700000000
1398678836,266.550000000000,0.021700000000
1398678840,266.550000000000,0.021700000000
1398678844,266.550000000000,0.021700000000
1398678848,266.550000000000,0.021700000000
1398678852,266.550000000000,0.021700000000
1398678856,266.550000000000,0.021700000000
1398678862,266.550000000000,0.021700000000
1398678866,266.550000000000,0.021700000000
1398678870,266.550000000000,0.021700000000
1398678874,266.550000000000,0.021700000000
1398678878,266.550000000000,0.021700000000
1398678882,266.550000000000,0.021700000000
1398678886,266.550000000000,0.021700000000
1398678890,266.550000000000,0.021700000000
1398678894,266.550000000000,0.021700000000
1398678898,266.550000000000,0.021700000000
1398678902,266.550000000000,0.021700000000
1398678907,266.550000000000,0.021700000000
1398678911,266.550000000000,0.021700000000
1398678915,266.550000000000,0.021700000000
1398678921,266.550000000000,0.021700000000
1398678925,266.550000000000,0.021700000000
1398678929,266.550000000000,0.021700000000
1398678933,266.550000000000,0.021700000000
1398678939,266.550000000000,0.021700000000
1398678943,266.550000000000,0.021700000000
1398678947,266.550000000000,0.021700000000
1398678951,266.550000000000,0.021700000000
1398678955,266.550000000000,0.021700000000
1398678959,266.550000000000,0.021700000000
1398678963,266.550000000000,0.021700000000
1398678967,266.550000000000,0.021700000000
1398678975,266.550000000000,0.021700000000
1398678985,266.550000000000,0.021700000000
1398678991,266.550000000000,0.021700000000
1398678997,266.550000000000,0.021700000000
1398679001,266.550000000000,0.021700000000
1398679005,266.550000000000,0.021700000000
1398679010,266.550000000000,0.021700000000
1398679014,266.550000000000,0.021700000000
1398679018,266.550000000000,0.021700000000
1398679022,266.550000000000,0.021700000000
1398679032,266.550000000000,0.021700000000
1398679036,266.550000000000,0.021700000000
1398679042,266.550000000000,0.021700000000
1398679048,266.550000000000,0.021700000000
1398679054,266.550000000000,0.021700000000
1398679058,266.550000000000,0.021700000000
1398679062,266.550000000000,0.021700000000
1398679066,266.550000000000,0.021700000000
1398679070,266.550000000000,0.021700000000
1398679074,266.550000000000,0.021700000000
1398679078,266.550000000000,0.021700000000
1398679082,266.550000000000,0.021700000000
1398679086,266.550000000000,0.021700000000
1398679090,266.550000000000,0.021700000000
1398679094,266.550000000000,0.021700000000
1398679098,266.550000000000,0.021700000000
1398679104,266.550000000000,0.021700000000
1398679113,266.550000000000,0.021700000000
1398679117,266.550000000000,0.021700000000
1398679121,266.550000000000,0.021700000000
1398679125,266.550000000000,0.021700000000
1398679129,266.550000000000,0.021700000000
1398679133,266.550000000000,0.021700000000
1398679137,266.550000000000,0.021700000000
1398679141,266.550000000000,0.021700000000
1398679145,266.550000000000,0.021700000000
1398679149,266.550000000000,0.021700000000
1398679153,266.550000000000,0.021700000000
1398679159,266.550000000000,0.021700000000
1398679167,266.550000000000,0.021700000000
1398679171,266.550000000000,0.021700000000
1398679175,266.550000000000,0.021700000000
1398679179,266.550000000000,0.021700000000
1398679183,266.550000000000,0.021700000000
1398679187,266.550000000000,0.021700000000
1398679193,266.550000000000,0.021700000000
1398679197,266.550000000000,0.021700000000
1398679203,266.550000000000,0.021700000000
1398679207,266.550000000000,0.021700000000
1398679212,266.550000000000,0.021700000000
1398679216,266.550000000000,0.021700000000
1398679220,266.550000000000,0.021700000000
1398679224,266.550000000000,0.021700000000
1398679228,266.550000000000,0.021700000000
1398679232,266.550000000000,0.021700000000
1398679236,266.550000000000,0.021700000000
1398679240,266.550000000000,0.021700000000
1398679244,266.550000000000,0.021700000000
1398679248,266.550000000000,0.021700000000
1398679252,266.550000000000,0.021700000000
1398679256,266.550000000000,0.021700000000
1398679260,266.550000000000,0.021700000000
1398679266,266.550000000000,0.021700000000
1398679270,266.550000000000,0.021700000000
1398679274,266.550000000000,0.021700000000
1398679278,266.550000000000,0.021700000000
1398679282,266.550000000000,0.021700000000
1398679286,266.550000000000,0.021700000000
1398679290,266.550000000000,0.021700000000
1398679294,266.550000000000,0.021700000000
1398679302,266.550000000000,0.021700000000
1398679306,266.550000000000,0.021700000000
1398679311,266.550000000000,0.021700000000
1398679319,266.550000000000,0.021700000000
1398679325,266.550000000000,0.021700000000
1398679329,266.550000000000,0.021700000000
1398679333,266.550000000000,0.021700000000
1398679337,266.550000000000,0.021700000000
1398679341,266.550000000000,0.021700000000
1398679345,266.550000000000,0.021700000000
1398679349,266.550000000000,0.021700000000
1398679359,266.550000000000,0.021700000000
1398679387,266.550000000000,0.021700000000
1398679391,266.550000000000,0.021700000000
1398679395,266.550000000000,0.021700000000
1398679399,266.550000000000,0.021700000000
1398679403,266.550000000000,0.021700000000
1398679407,266.550000000000,0.021700000000
1398679412,266.550000000000,0.021700000000
1398679418,266.550000000000,0.021700000000
1398679422,266.550000000000,0.021700000000
1398679428,266.550000000000,0.021700000000
1398679440,266.550000000000,0.021700000000
1398679444,266.550000000000,0.021700000000
1398679448,266.550000000000,0.021700000000
1398679452,266.550000000000,0.021700000000
1398679456,266.550000000000,0.021700000000
1398679460,266.550000000000,0.021700000000
1398679464,266.550000000000,0.021700000000
1398679468,266.550000000000,0.021700000000
1398679472,266.550000000000,0.021700000000
1398679480,266.550000000000,0.021700000000
1398679484,266.550000000000,0.021700000000
1398679488,266.550000000000,0.021700000000
1398679492,266.550000000000,0.021700000000
1398679496,266.550000000000,0.021700000000
1398679500,266.550000000000,0.021700000000
1398679504,266.550000000000,0.021700000000
1398679508,266.550000000000,0.021700000000
1398679513,266.550000000000,0.021700000000
1398679517,266.550000000000,0.021700000000
1398679521,266.550000000000,0.021700000000
1398679525,266.550000000000,0.021700000000
1398679529,266.550000000000,0.021700000000
1398679533,266.550000000000,0.021700000000
1398679537,266.550000000000,0.021700000000
1398679545,266.550000000000,0.021700000000
1398679549,266.550000000000,0.021700000000
1398679553,266.550000000000,0.021700000000
1398679557,266.550000000000,0.021700000000
1398679561,266.550000000000,0.021700000000
1398679565,266.550000000000,0.021700000000
1398679569,266.550000000000,0.021700000000
1398679575,266.550000000000,0.021700000000
1398679579,266.550000000000,0.021700000000
1398679587,266.550000000000,0.021700000000
1398679591,266.550000000000,0.021700000000
1398679595,266.550000000000,0.021700000000
1398679599,266.550000000000,0.021700000000
1398679605,266.550000000000,0.021700000000
1398679609,266.550000000000,0.021700000000
1398679614,266.550000000000,0.021700000000
1398679618,266.550000000000,0.021700000000
1398679622,266.550000000000,0.021700000000
1398679626,266.550000000000,0.021700000000
1398679688,268.900000000000,0.021700000000
1398679696,268.900000000000,0.021700000000
1398679704,268.900000000000,0.021700000000
1398679717,268.900000000000,0.021700000000
1398679725,268.900000000000,0.021700000000
1398679733,268.900000000000,0.021700000000
1398679741,268.900000000000,0.021700000000
1398679751,268.900000000000,0.021700000000
1398679759,268.900000000000,0.021700000000
1398679771,268.900000000000,0.021700000000
1398679783,268.900000000000,0.021700000000
1398679791,268.900000000000,0.021700000000
1398679799,268.900000000000,0.021700000000
1398679807,268.900000000000,0.021700000000
1398679816,268.900000000000,0.021700000000
1398679824,268.900000000000,0.021700000000
1398679832,268.900000000000,0.021700000000
1398679846,268.900000000000,0.021700000000
1398679858,268.900000000000,0.021700000000
1398679866,268.900000000000,0.021700000000
1398679880,268.900000000000,0.021700000000
1398679888,268.900000000000,0.021700000000
1398679896,268.900000000000,0.021700000000
1398679904,268.900000000000,0.021700000000
1398679919,268.900000000000,0.021700000000
1398679929,268.900000000000,0.021700000000
1398679934,268.900000000000,0.021700000000
1398679937,266.550000000000,0.021700000000
1398679941,266.550000000000,0.021700000000
1398679945,266.550000000000,0.021700000000
1398679949,266.550000000000,0.021700000000
1398679953,266.550000000000,0.021700000000
1398679974,268.900000000000,0.021700000000
1398679975,268.900000000000,0.021700000000
1398679985,268.900000000000,0.021700000000
1398679993,268.900000000000,0.021700000000
1398680001,268.900000000000,0.021700000000
1398680011,268.900000000000,0.021700000000
1398680020,268.900000000000,0.021700000000
1398680030,268.900000000000,0.021700000000
1398680052,268.900000000000,0.021700000000
1398680060,268.900000000000,0.021700000000
1398680068,268.900000000000,0.021700000000
1398680076,268.900000000000,0.021700000000
1398680084,268.900000000000,0.021700000000
1398680092,268.900000000000,0.021700000000
1398680098,268.900000000000,0.021700000000
1398680100,266.550000000000,0.021700000000
1398681311,268.900000000000,0.021700000000
1398681521,268.900000000000,0.021700000000
1398681521,268.900000000000,0.021700000000
1398681524,268.900000000000,0.021700000000
1398681529,268.900000000000,0.021700000000
1398681529,268.900000000000,0.021700000000
1398681531,268.900000000000,0.021700000000
1398681533,268.900000000000,0.021700000000
1398681534,268.900000000000,0.021700000000
1398681534,268.900000000000,0.021700000000
1398681535,268.900000000000,0.021700000000
1398681535,268.900000000000,0.021700000000
1398681536,268.900000000000,0.021700000000
1398681536,268.900000000000,0.021700000000
1398681537,268.900000000000,0.021700000000
1398681537,268.900000000000,0.021700000000
1398681537,268.900000000000,0.021700000000
1398681538,268.900000000000,0.021700000000
1398681538,268.900000000000,0.021700000000
1398681539,268.900000000000,0.021700000000
1398681540,268.900000000000,0.021700000000
1398681541,268.900000000000,0.021700000000
1398681541,268.900000000000,0.021700000000
1398681542,268.900000000000,0.021700000000
1398681543,268.900000000000,0.021700000000
1398681545,268.900000000000,0.021700000000
1398681546,268.900000000000,0.021700000000
1398681547,268.900000000000,0.021700000000
1398681547,268.900000000000,0.021700000000
1398681547,268.900000000000,0.021700000000
1398681548,268.900000000000,0.021700000000
1398681548,268.900000000000,0.021700000000
1398681549,268.900000000000,0.021700000000
1398681551,268.900000000000,0.021700000000
1398681553,268.900000000000,0.021700000000
1398681555,268.900000000000,0.021700000000
1398681556,268.900000000000,0.021700000000
1398681557,268.900000000000,0.021700000000
1398681558,268.900000000000,0.021700000000
1398681559,268.900000000000,0.021700000000
1398681560,268.900000000000,0.021700000000
1398681561,268.900000000000,0.021700000000
1398681564,268.900000000000,0.021700000000
1398681565,268.900000000000,0.021700000000
1398681566,268.900000000000,0.021700000000
1398681572,268.900000000000,0.021700000000
1398681573,268.900000000000,0.021700000000
1398681574,268.900000000000,0.001800000000
1398681648,268.900000000000,0.021700000000
1398681649,268.900000000000,0.021700000000
1398681649,268.900000000000,0.021700000000
1398681650,268.900000000000,0.021700000000
1398681650,268.900000000000,0.021700000000
1398681652,268.900000000000,0.021700000000
1398681653,268.900000000000,0.021700000000
1398681653,268.900000000000,0.021700000000
1398681654,268.900000000000,0.021700000000
1398681654,268.900000000000,0.021700000000
1398681655,268.900000000000,0.021700000000
1398681655,268.900000000000,0.021700000000
1398681656,268.900000000000,0.021700000000
1398681656,268.900000000000,0.021700000000
1398681657,268.900000000000,0.021700000000
1398681658,268.900000000000,0.021700000000
1398681659,268.900000000000,0.021700000000
1398681659,268.900000000000,0.021700000000
1398681660,268.900000000000,0.021700000000
1398681661,268.900000000000,0.021700000000
1398681661,268.900000000000,0.021700000000
1398681661,268.900000000000,0.021700000000
1398681663,268.900000000000,0.021700000000
1398681663,268.900000000000,0.021700000000
1398681664,268.900000000000,0.021700000000
1398681664,268.900000000000,0.021700000000
1398681664,268.900000000000,0.021700000000
1398681665,268.900000000000,0.021700000000
1398681665,268.900000000000,0.021700000000
1398681668,268.900000000000,0.021700000000
1398681671,268.900000000000,0.021700000000
1398681673,268.900000000000,0.021700000000
1398681674,268.900000000000,0.021700000000
1398681674,268.900000000000,0.021700000000
1398681675,268.900000000000,0.021700000000
1398681675,268.900000000000,0.021700000000
1398681676,268.900000000000,0.021700000000
1398681676,268.900000000000,0.021700000000
1398681678,268.900000000000,0.021700000000
1398681679,268.900000000000,0.021700000000
1398681680,268.900000000000,0.021700000000
1398681682,268.900000000000,0.021700000000
1398681682,268.900000000000,0.021700000000
1398681685,268.900000000000,0.021700000000
1398681686,268.900000000000,0.001800000000
1398681686,268.900000000000,0.021700000000
1398766318,268.020000000000,8.000000000000
1398766393,268.570000000000,0.459400000000
1398766393,268.550000000000,0.011100000000
1398766393,268.540000000000,0.011100000000
1398766393,268.520000000000,0.011100000000
1398766393,268.510000000000,0.263100000000
1398766393,268.500000000000,0.011100000000
1398766393,268.480000000000,0.011100000000
1398766393,268.460000000000,0.011100000000
1398766393,268.450000000000,0.011100000000
1398766393,268.430000000000,0.011100000000
1398766393,268.410000000000,0.011100000000
1398766393,268.390000000000,0.011100000000
1398766393,268.370000000000,0.011100000000
1398766393,268.350000000000,0.011100000000
1398766393,268.340000000000,0.011100000000
1398766393,268.320000000000,0.011100000000
1398766393,268.300000000000,0.011100000000
1398766393,268.280000000000,0.011100000000
1398766393,268.260000000000,0.022200000000
1398766393,268.250000000000,0.011100000000
1398766393,268.230000000000,0.011100000000
1398766393,268.210000000000,0.011100000000
1398766393,268.190000000000,0.011100000000
1398766393,268.170000000000,0.011100000000
1398766393,268.160000000000,0.011100000000
1398766393,268.140000000000,0.011100000000
1398779211,750.000000000000,2.000000000000
1398779211,600.000000000000,0.500000000000
1398779211,570.000000000000,0.500000000000
1398779211,550.000000000000,0.500000000000
1398779211,520.000000000000,0.500000000000
1398779211,480.000000000000,0.500000000000
1398779211,450.000000000000,0.500000000000
1398779211,415.000000000000,0.250000000000
1398779211,380.000000000000,0.250000000000
1398779211,330.000000000000,0.250000000000
1398779211,320.000000000000,0.250000000000
1398779211,320.000000000000,0.200000000000
1398779211,317.000000000000,0.100000000000
1398779211,315.000000000000,0.222600000000
1398779211,315.000000000000,0.100000000000
1398779211,310.000000000000,0.250000000000
1398779211,305.000000000000,0.959400000000
1398779211,300.000000000000,0.250000000000
1398779211,272.020000000000,0.248100000000
1398779211,272.010000000000,0.008800000000
1398779676,263.040000000000,0.003000000000
1398780727,272.240000000000,0.013200000000
1398780744,263.850000000000,0.003700000000
1398780784,264.850000000000,0.003700000000
1398782222,272.500000000000,0.003600000000
1398783559,271.640000000000,0.001800000000
1398788283,272.670000000000,0.001900000000
1398797813,270.610000000000,0.723600000000
1398797813,270.540000000000,0.300000000000
1398834808,261.440000000000,0.282800000000
1398834808,261.470000000000,0.011200000000
1398834808,261.490000000000,0.011200000000
1398834808,261.510000000000,0.011200000000
1398834808,261.520000000000,0.011200000000
1398834808,261.540000000000,0.022400000000
1398931263,265.010000000000,4.806900000000
1398931263,265.030000000000,0.036700000000
1398931263,265.050000000000,0.010900000000
1398931263,265.070000000000,0.021900000000
1398931263,265.080000000000,0.038700000000
1398931263,265.090000000000,0.256000000000
1398931263,265.100000000000,0.010900000000
1398931263,265.120000000000,0.010900000000
1398931263,265.140000000000,0.010900000000
1398931263,265.150000000000,0.010900000000
1398931263,265.170000000000,0.021900000000
1398931263,265.190000000000,0.010900000000
1398931263,265.210000000000,0.010900000000
1398931263,265.220000000000,0.010900000000
1398931263,265.240000000000,0.288200000000
1398931263,265.260000000000,0.021900000000
1398931263,265.280000000000,0.010900000000
1398931263,265.290000000000,0.010900000000
1398931263,265.310000000000,0.010900000000
1398931263,265.330000000000,0.555900000000
1398931263,265.400000000000,2.710000000000
1398931263,265.430000000000,0.025700000000
1398931263,265.440000000000,0.240000000000
1398931263,265.470000000000,0.022800000000
1398931263,265.500000000000,0.026600000000
1398931263,265.570000000000,0.260000000000
1398931263,265.820000000000,0.257000000000
1398931263,265.940000000000,0.022900000000
1398931263,266.020000000000,0.267000000000
1398931307,264.930000000000,5.061200000000
1398931307,264.950000000000,0.010900000000
1398931307,264.960000000000,0.021900000000
1398931307,264.980000000000,0.010900000000
1398931307,265.000000000000,0.010900000000
1398931307,265.210000000000,0.010900000000
1398931307,265.220000000000,0.010900000000
1398931307,265.240000000000,0.288200000000
1398931307,265.260000000000,0.021900000000
1398931307,265.280000000000,0.010900000000
1398931307,265.290000000000,0.010900000000
1398931307,265.310000000000,0.010900000000
1398931307,265.330000000000,0.555900000000
1398931307,265.400000000000,2.710000000000
1398931307,265.430000000000,0.025700000000
1398931307,265.470000000000,0.022800000000
1398931307,265.500000000000,0.026600000000
1398931307,265.570000000000,0.391700000000
1398931307,265.640000000000,0.240000000000
1398931307,265.820000000000,0.257000000000
1398931307,265.940000000000,0.022900000000
1398931307,266.020000000000,0.267000000000
1398932302,265.570000000000,4.467100000000
1398932302,265.820000000000,0.257000000000
1398932302,265.940000000000,0.022900000000
1398932302,266.020000000000,0.253000000000
1398934627,268.990000000000,2.000000000000
1398942526,272.370000000000,1.083000000000
1398943245,272.930000000000,1.674800000000
1398944612,265.000000000000,0.003700000000
1398949256,272.640000000000,0.003500000000
1398950858,265.000000000000,0.003700000000
1398983794,267.400000000000,0.993900000000
1398983794,267.410000000000,0.256100000000
1399027190,266.000000000000,0.400000000000
1399030492,270.380000000000,0.359100000000
1399030492,270.280000000000,0.010900000000
1399030492,269.000000000000,0.230000000000
1399037181,270.550000000000,0.090100000000
1399037181,270.450000000000,0.010900000000
1399037869,270.550000000000,0.147300000000
1399037869,270.450000000000,0.010900000000
1399046699,270.500000000000,0.087800000000
1399046699,270.400000000000,0.010900000000
1399046699,269.000000000000,0.000300000000
1399046699,269.000000000000,0.002000000000
1399047881,270.360000000000,0.359000000000
1399047881,270.250000000000,0.010900000000
1399052868,268.000000000000,0.222200000000
1399104811,266.000000000000,0.088000000000
1399104811,266.000000000000,0.257200000000
1399104811,266.000000000000,0.261100000000
1399104811,266.000000000000,0.393700000000
1399104811,266.000000000000,0.092600000000
1399118636,266.050000000000,1.000000000000
1399125129,263.630000000000,0.166300000000
1399125129,263.530000000000,0.124400000000
1399126237,265.320000000000,0.138900000000
1399126237,265.170000000000,0.151700000000
1399126635,265.140000000000,0.440000000000
1399126635,264.970000000000,0.268000000000
1399128555,265.540000000000,0.581200000000
1399129670,265.420000000000,0.278900000000
1399129670,265.160000000000,0.226100000000
1399130551,260.000000000000,0.170700000000
1399130551,260.000000000000,1.000000000000
1399130551,260.000000000000,0.500000000000
1399130809,257.600000000000,0.168900000000
1399130809,257.600000000000,0.168900000000
1399131067,257.080000000000,0.310300000000
1399131286,265.140000000000,0.254300000000
1399133862,264.240000000000,0.101000000000
1399135909,261.880000000000,0.019900000000
1399135909,261.640000000000,0.081100000000
1399138571,261.410000000000,0.111100000000
1399139252,261.820000000000,0.141600000000
1399207365,260.830000000000,0.490700000000
1399207365,260.710000000000,0.267000000000
1399207365,260.510000000000,0.252300000000
1399208202,255.000000000000,0.309500000000
1399208202,255.000000000000,0.500000000000
1399213016,260.930000000000,0.787400000000
1399213016,260.750000000000,0.060400000000
1399247804,263.530000000000,0.149400000000
1399282147,260.440000000000,0.135500000000
1399282147,260.420000000000,0.041200000000
1399282473,260.440000000000,0.069900000000
1399282473,260.420000000000,0.041200000000
1399285505,260.720000000000,0.273300000000
1399285505,260.560000000000,0.023900000000
1399285505,260.480000000000,0.247500000000
1399285505,260.460000000000,0.041100000000
1399291786,262.210000000000,0.353500000000
1399294111,260.660000000000,0.101000000000
1399294537,261.090000000000,0.048100000000
1399294537,261.080000000000,0.052900000000
1399294901,261.090000000000,0.325400000000
1399294901,260.890000000000,0.259200000000
1399294901,260.880000000000,0.344600000000
1399295363,260.680000000000,0.231400000000
1399295363,260.670000000000,0.460600000000
1399295363,260.660000000000,0.166500000000
1399297036,260.640000000000,0.101000000000
1399301567,260.680000000000,0.310300000000
1399301567,260.620000000000,0.239400000000
1399301567,260.610000000000,0.023800000000
1399301567,260.600000000000,0.034500000000
1399301567,260.590000000000,0.200000000000
1399302114,260.600000000000,0.001000000000
1399302114,260.590000000000,0.100000000000
1399302589,260.620000000000,0.236700000000
1399302589,260.610000000000,0.023800000000
1399302589,260.600000000000,0.034500000000
1399302589,260.590000000000,0.109000000000
1399303666,260.670000000000,0.083100000000
1399303666,260.660000000000,0.023800000000
1399303666,260.640000000000,0.034500000000
1399303694,260.670000000000,0.062900000000
1399303694,260.660000000000,0.023800000000
1399303694,260.640000000000,0.034500000000
1399303997,260.720000000000,0.064900000000
1399303997,260.670000000000,0.239400000000
1399303997,260.660000000000,0.023800000000
1399303997,260.640000000000,0.034500000000
1399304905,261.000000000000,0.004000000000
1399304905,260.980000000000,0.097000000000
1399311087,259.180000000000,1.774600000000
1399311087,259.160000000000,0.245400000000
1399311550,259.160000000000,0.102700000000
1399311550,258.580000000000,0.040100000000
1399311657,259.180000000000,0.233900000000
1399311657,258.930000000000,0.069100000000
1399311721,259.190000000000,0.621800000000
1399311721,258.960000000000,0.243400000000
1399318148,259.800000000000,0.181800000000
1399318227,259.800000000000,0.131300000000
1399318812,259.820000000000,0.171700000000
1399319796,259.000000000000,0.138500000000
1399319796,258.970000000000,0.216400000000
1399319796,258.760000000000,0.150100000000
1399320832,259.200000000000,0.131300000000
1399325403,259.890000000000,0.141400000000
1399325501,259.890000000000,0.070000000000
1399326269,259.900000000000,0.252500000000
1399326371,259.900000000000,0.500500000000
1399326988,259.900000000000,0.721800000000
1399327689,259.720000000000,0.036900000000
1399327689,259.710000000000,0.266100000000
1399330497,261.310000000000,0.055600000000
1399330497,261.250000000000,0.025900000000
1399330497,261.070000000000,0.160900000000
1399330654,260.810000000000,0.101000000000
1399330897,260.340000000000,0.101000000000
1399340701,255.000000000000,0.001200000000
1399345443,253.500000000000,0.250000000000
1399372031,259.250000000000,0.360700000000
1399376869,257.400000000000,0.247900000000
1399389355,256.000000000000,0.300100000000
1399392949,257.300000000000,0.202000000000
1399401541,258.070000000000,0.126500000000
1399406993,255.000000000000,0.300000000000
1399406993,255.000000000000,0.050000000000
1399406993,255.000000000000,0.014000000000
1399450152,255.000000000000,0.284000000000
1399453942,259.060000000000,0.100000000000
1399460715,264.840000000000,2.000000000000
1399460998,264.390000000000,0.894200000000
1399468712,263.560000000000,0.274700000000
1399500168,268.180000000000,0.950400000000
1399532376,260.000000000000,0.849000000000
1399537046,260.000000000000,5.000000000000
1399537069,260.000000000000,5.000000000000
1399550054,266.070000000000,0.404000000000
1399570361,263.000000000000,1.700000000000
1399585151,260.000000000000,1.000000000000
1399662277,265.500000000000,0.500000000000
1399663584,265.500000000000,9.431400000000
1399726617,271.000000000000,9.000000000000
1399758768,270.000000000000,0.200000000000
1399815870,267.300000000000,0.250200000000
1399815870,267.290000000000,0.088600000000
1399816629,266.340000000000,0.175000000000
1399816870,266.830000000000,0.011100000000
1399816870,266.770000000000,0.059700000000
1399816870,266.580000000000,0.256200000000
1399819046,260.000000000000,0.830200000000
1399819046,260.010000000000,0.398800000000
1399820829,267.790000000000,0.466100000000
1399820829,267.430000000000,0.038900000000
1399822741,267.830000000000,0.187100000000
1399822741,267.790000000000,0.098500000000
1399822741,267.270000000000,0.077700000000
1399824964,260.000000000000,0.578200000000
1399825188,261.000000000000,0.303000000000
1399825949,260.000000000000,1.197000000000
1399826459,260.000000000000,0.450100000000
1399826459,260.000000000000,0.545600000000
1399843081,260.000000000000,2.000000000000
1399885514,264.550000000000,0.390500000000
1399885514,264.380000000000,0.263100000000
1399885514,263.950000000000,0.008400000000
1399885514,262.250000000000,0.400000000000
1399886870,264.710000000000,4.775900000000
1399886870,264.700000000000,1.524100000000
1399886870,263.370000000000,0.200000000000
1399886917,264.690000000000,0.110000000000
1399886957,264.690000000000,0.006500000000
1399893705,264.000000000000,0.004800000000
1399893705,263.600000000000,0.044400000000
1399895401,263.320000000000,0.400000000000
1399895478,263.500000000000,0.100000000000
1399897955,264.050000000000,0.706000000000
1399898110,264.050000000000,0.126300000000
1399900551,264.050000000000,0.124900000000
1399901360,264.050000000000,0.292900000000
1399902246,264.050000000000,0.122200000000
1399903375,264.290000000000,0.191200000000
1399903375,264.050000000000,0.284200000000
1399904166,264.290000000000,0.191900000000
1399904811,264.290000000000,0.101000000000
1399906363,265.150000000000,0.404000000000
1399906711,265.150000000000,0.457100000000
1399907125,265.180000000000,0.527500000000
1399907125,265.140000000000,3.381200000000
1399909290,266.100000000000,5.457200000000
1399909290,266.060000000000,0.247300000000
1399909290,265.680000000000,0.197100000000
1399909290,265.670000000000,0.049200000000
1399909290,265.610000000000,0.049200000000
1399910237,266.140000000000,0.824000000000
1399912485,266.680000000000,0.031100000000
1399912485,266.670000000000,0.701300000000
1399914310,266.270000000000,0.219600000000
1399914310,265.780000000000,0.344900000000
1399914371,265.540000000000,0.368000000000
1399917993,266.410000000000,0.740700000000
1399917993,266.330000000000,0.257200000000
1399968876,256.130000000000,6.987600000000
1399968876,256.140000000000,0.200000000000
1399968876,259.000000000000,1.000000000000
1399968876,259.010000000000,0.683800000000
1399994238,264.230000000000,0.855600000000
1399994238,264.230000000000,0.083800000000
1399994246,264.230000000000,0.831100000000
1399994246,264.220000000000,0.296000000000
1399994250,264.180000000000,0.924800000000
1399994250,264.170000000000,0.014400000000
1399995210,264.930000000000,8.805700000000
1399995210,264.910000000000,0.011100000000
1399995210,264.350000000000,0.172800000000
1400074983,267.930000000000,1.737500000000
1400074983,266.480000000000,0.116800000000
1400076323,267.830000000000,0.248300000000
1400076326,267.900000000000,0.248300000000
1400076341,267.930000000000,0.594400000000
1400076350,267.930000000000,0.636700000000
1400076426,267.930000000000,0.371700000000
1400078793,268.300000000000,0.718700000000
1400078816,268.500000000000,0.748600000000
1400078874,268.300000000000,0.370600000000
1400083122,269.880000000000,1.200100000000
1400084166,270.030000000000,5.530000000000
1400085522,270.030000000000,0.006400000000
1400096100,269.790000000000,0.988900000000
1400096125,270.690000000000,0.507200000000
1400096125,270.530000000000,0.492800000000
1400096142,269.860000000000,0.220900000000
1400096144,269.860000000000,0.220900000000
1400096320,269.860000000000,0.829700000000
1400136820,270.370000000000,5.000000000000
1400147743,270.000000000000,1.000000000000
1400148661,295.000000000000,0.170800000000
1400148661,290.000000000000,0.250000000000
1400148661,272.000000000000,0.500000000000
1400149367,270.000000000000,0.920800000000
1400150042,273.850000000000,0.244800000000
1400150042,273.820000000000,0.259200000000
1400150042,273.670000000000,0.401800000000
1400152770,273.740000000000,2.173600000000
1400154197,273.730000000000,0.002300000000
1400156534,273.430000000000,3.983000000000
1400156534,273.420000000000,6.794500000000
1400156534,273.410000000000,1.477400000000
1400156534,273.360000000000,2.848600000000
1400156534,273.340000000000,0.245400000000
1400156534,273.200000000000,1.233200000000
1400156534,273.130000000000,0.865000000000
1400156534,273.120000000000,1.288900000000
1400156534,273.110000000000,0.255200000000
1400156534,271.940000000000,0.008800000000
1400160972,270.000000000000,4.000000000000
1400166139,272.800000000000,1.971300000000
1400166139,272.730000000000,2.782600000000
1400166143,272.800000000000,1.971300000000
1400166143,272.800000000000,0.811300000000
1400166146,272.800000000000,1.971300000000
1400166184,272.800000000000,9.492100000000
1400168266,272.510000000000,1.000000000000
1400174721,270.000000000000,0.500000000000
1400174736,271.780000000000,2.277000000000
1400174736,271.770000000000,0.219000000000
1400174747,271.780000000000,0.420000000000
1400179567,271.040000000000,1.000000000000
1400179718,271.010000000000,0.314300000000
1400179718,271.000000000000,0.219700000000
1400179718,270.790000000000,0.248300000000
1400179718,270.780000000000,0.217700000000
1400179862,271.010000000000,2.244900000000
1400179862,270.770000000000,0.755100000000
1400179904,271.010000000000,0.072400000000
1400181233,272.100000000000,0.368200000000
1400181233,272.100000000000,0.927500000000
1400186352,270.000000000000,1.000000000000
1400186352,270.000000000000,0.008800000000
1400228625,270.000000000000,0.098500000000
1400228625,270.000000000000,0.011000000000
1400228630,270.000000000000,0.098500000000
1400228632,270.000000000000,0.011100000000
1400228636,270.000000000000,0.011000000000
1400230477,270.000000000000,7.801600000000
1400230477,270.000000000000,7.801600000000
1400233904,270.000000000000,0.833400000000
1400233904,270.000000000000,4.166600000000
1400233994,600.000000000000,0.098300000000
1400233994,500.000000000000,1.000000000000
1400233994,450.000000000000,0.500000000000
1400233994,425.000000000000,0.500000000000
1400233994,400.000000000000,0.500000000000
1400233994,350.000000000000,0.500000000000
1400233994,320.000000000000,0.500000000000
1400233994,315.000000000000,0.100000000000
1400233994,310.000000000000,0.100000000000
1400233994,300.000000000000,0.100000000000
1400233994,300.000000000000,0.400000000000
1400233994,295.120000000000,0.908100000000
1400233994,280.000000000000,1.000000000000
1400233994,273.000000000000,1.000000000000
1400234008,270.000000000000,22.706400000000
1400239880,270.000000000000,1.695000000000
1400241756,270.000000000000,0.001000000000
1400261616,271.000000000000,1.826500000000
1400313650,270.000000000000,1.000000000000
1400325753,270.000000000000,1.000000000000
1400347188,272.000000000000,0.500000000000
1400348332,272.000000000000,18.000000000000
1400348332,271.990000000000,1.000000000000
1400360974,270.000000000000,6.035800000000
1400360974,270.000000000000,2.764200000000
1400363643,267.000000000000,0.171700000000
1400363643,268.000000000000,1.000000000000
1400363643,269.000000000000,1.000000000000
1400363643,270.000000000000,0.500000000000
1400363643,270.000000000000,1.765800000000
1400404675,272.000000000000,0.003300000000
1400408870,272.000000000000,1.000000000000
1400410134,271.000000000000,0.224000000000
1400410139,271.000000000000,0.025900000000
1400411165,270.500000000000,0.024600000000
1400411358,270.500000000000,0.512500000000
1400426629,272.000000000000,0.500000000000
1400433407,270.600000000000,0.158500000000
1400438937,270.500000000000,1.170500000000
1400438937,270.600000000000,0.828500000000
1400492205,272.000000000000,3.000000000000
1400497622,272.000000000000,1.000000000000
1400497808,272.000000000000,1.000000000000
1400498063,272.000000000000,1.000000000000
1400498240,272.000000000000,1.000000000000
1400498350,272.000000000000,1.000000000000
1400498393,272.000000000000,1.000000000000
1400499489,272.000000000000,0.174000000000
1400502249,272.000000000000,1.300000000000
1400502592,270.500000000000,0.500000000000
1400502592,270.500000000000,0.292400000000
1400502592,272.000000000000,7.612300000000
1400502592,272.000000000000,0.442600000000
1400502592,272.000000000000,0.492800000000
1400502592,272.000000000000,0.218000000000
1400502592,272.000000000000,0.639800000000
1400502592,272.000000000000,0.120300000000
1400502603,270.000000000000,0.000100000000
1400510975,275.000000000000,0.100000000000
1400510975,275.000000000000,0.010000000000
1400513125,275.000000000000,0.890000000000
1400513225,273.330000000000,3.000000000000
1400517590,270.000000000000,0.450000000000
1400535634,271.000000000000,0.985700000000
1400535639,271.000000000000,0.236500000000
1400535642,271.000000000000,0.260200000000
1400535663,271.000000000000,0.219700000000
1400535665,271.000000000000,0.000100000000
1400535670,271.000000000000,0.002200000000
1400535678,271.000000000000,0.122100000000
1400535686,270.000000000000,0.152200000000
1400535686,270.000000000000,0.049800000000
1400535840,270.000000000000,0.217800000000
1400535870,270.000000000000,0.046300000000
1400535880,270.000000000000,0.217800000000
1400535902,270.000000000000,0.365900000000
1400549925,268.000000000000,0.499900000000
1400549925,269.000000000000,1.000000000000
1400549925,269.000000000000,0.500000000000
1400572338,285.000000000000,1.122800000000
1400572338,280.000000000000,1.000000000000
1400572338,280.000000000000,5.000000000000
1400581444,272.010000000000,0.000100000000
1400581538,275.820000000000,1.058600000000
1400581742,272.010000000000,0.000100000000
1400590303,277.220000000000,3.264300000000
1400590303,277.190000000000,0.406400000000
1400590303,277.170000000000,0.032100000000
1400590303,277.100000000000,0.032100000000
1400590303,277.060000000000,0.255200000000
1400590303,277.040000000000,0.032100000000
1400590303,276.980000000000,4.928500000000
1400590303,276.950000000000,0.344000000000
1400590303,276.800000000000,2.174400000000
1400590303,276.770000000000,0.985700000000
1400590303,276.770000000000,3.300700000000
1400590303,276.760000000000,0.985700000000
1400590303,276.700000000000,1.971400000000
1400590303,276.690000000000,0.492800000000
1400590303,276.510000000000,0.212700000000
1400590303,276.500000000000,0.581900000000
1400590353,272.000000000000,19.720200000000
1400590353,272.010000000000,0.279800000000
1400601353,285.000000000000,2.500000000000
1400601776,285.000000000000,1.500000000000
1400604722,287.500000000000,2.500000000000
1400604838,475.000000000000,0.077800000000
1400604838,450.000000000000,1.000000000000
1400604838,425.000000000000,0.500000000000
1400604838,400.000000000000,1.000000000000
1400604838,385.000000000000,0.500000000000
1400604838,375.000000000000,0.500000000000
1400604838,375.000000000000,0.500000000000
1400604838,350.000000000000,0.500000000000
1400604838,310.000000000000,0.500000000000
1400604838,300.000000000000,0.010000000000
1400605254,297.660000000000,0.031000000000
1400605254,297.590000000000,0.023300000000
1400605254,297.540000000000,0.997600000000
1400605254,297.540000000000,0.197500000000
1400605254,297.530000000000,0.364700000000
1400605254,297.500000000000,0.021400000000
1400605254,297.470000000000,0.024800000000
1400605254,297.470000000000,0.024800000000
1400605254,297.450000000000,0.037100000000
1400605254,297.450000000000,0.025000000000
1400605254,297.440000000000,0.024900000000
1400605254,297.440000000000,0.025700000000
1400605254,297.400000000000,0.025100000000
1400605254,297.390000000000,0.037100000000
1400605254,297.370000000000,0.039100000000
1400605254,297.350000000000,0.025500000000
1400605254,297.350000000000,0.024600000000
1400605254,297.280000000000,0.025400000000
1400605254,297.280000000000,0.024600000000
1400605254,297.220000000000,0.025000000000
1400605254,297.220000000000,16.343000000000
1400605254,297.210000000000,0.031000000000
1400605254,297.210000000000,0.021400000000
1400605254,297.200000000000,0.021400000000
1400605254,297.160000000000,0.024900000000
1400605254,296.940000000000,0.997700000000
1400605254,296.880000000000,0.399900000000
1400605254,296.540000000000,0.851400000000
1400605255,300.000000000000,0.037100000000
1400605257,300.000000000000,0.021600000000
1400605259,300.000000000000,0.031000000000
1400605261,300.000000000000,0.023800000000
1400605263,300.000000000000,0.031000000000
1400605265,300.000000000000,0.025100000000
1400605267,300.000000000000,0.021600000000
1400605269,300.000000000000,0.025600000000
1400605271,300.000000000000,0.024800000000
1400605273,300.000000000000,0.025000000000
1400605275,300.000000000000,0.024800000000
1400605277,300.000000000000,0.358700000000
1400605279,300.000000000000,0.203200000000
1400605281,300.000000000000,0.037100000000
1400605283,300.000000000000,0.023800000000
1400605285,300.000000000000,0.031000000000
1400605287,300.000000000000,0.029800000000
1400605290,300.000000000000,0.025100000000
1400605292,300.000000000000,0.023800000000
1400605294,300.000000000000,0.037100000000
1400605296,300.000000000000,0.029800000000
1400605298,300.000000000000,0.024700000000
1400605300,300.000000000000,0.024900000000
1400605302,300.000000000000,0.024800000000
1400605304,300.000000000000,0.029800000000
1400605306,300.000000000000,0.030900000000
1400605308,300.000000000000,0.037100000000
1400605310,300.000000000000,0.021600000000
1400605312,300.000000000000,0.052400000000
1400605314,300.000000000000,0.030900000000
1400605316,300.000000000000,0.385000000000
1400605318,300.000000000000,0.031000000000
1400605320,300.000000000000,0.054800000000
1400605322,300.000000000000,0.030900000000
1400605324,300.000000000000,0.021600000000
1400605326,300.000000000000,0.029800000000
1400605328,300.000000000000,0.037100000000
1400605330,300.000000000000,0.030900000000
1400605332,300.000000000000,0.029800000000
1400605334,300.000000000000,0.030900000000
1400605336,300.000000000000,0.998300000000
1400605338,300.000000000000,0.023800000000
1400605340,300.000000000000,0.029800000000
1400605342,300.000000000000,0.010100000000
1400605346,300.000000000000,1.173400000000
1400606347,298.000000000000,0.029500000000
1400606602,298.000000000000,0.047300000000
1400606610,298.000000000000,9.923200000000
1400612384,295.000000000000,1.000000000000
1400644378,550.000000000000,0.096900000000
1400644378,525.000000000000,0.500000000000
1400644378,500.000000000000,1.000000000000
1400644378,475.000000000000,0.422200000000
1400644378,298.590000000000,0.024900000000
1400644378,298.580000000000,0.027400000000
1400644378,298.540000000000,0.031100000000
1400644378,298.530000000000,0.032400000000
1400644378,298.510000000000,0.031000000000
1400644378,298.500000000000,0.040700000000
1400644378,298.470000000000,0.028500000000
1400644378,298.460000000000,0.029800000000
1400644378,298.430000000000,0.247400000000
1400644378,298.360000000000,0.027500000000
1400644378,298.340000000000,0.033500000000
1400644378,298.190000000000,0.244400000000
1400644378,297.920000000000,0.248300000000
1400644378,297.690000000000,0.243400000000
1400644378,297.630000000000,1.431400000000
1400644378,297.430000000000,0.259200000000
1400644422,298.000000000000,0.244400000000
1400644438,298.000000000000,0.225600000000
1400644465,298.590000000000,4.295500000000
1400644465,298.420000000000,0.021200000000
1400644465,298.400000000000,0.030400000000
1400644465,298.370000000000,0.524300000000
1400644465,298.370000000000,0.030600000000
1400644465,298.360000000000,0.028700000000
1400644465,298.320000000000,0.021300000000
1400644465,298.280000000000,0.028000000000
1400644465,298.230000000000,0.020000000000
1400644553,298.590000000000,1.601700000000
1400660915,295.000000000000,8.112900000000
1400665844,311.000000000000,0.500000000000
1400665844,312.000000000000,0.500000000000
1400667793,310.000000000000,28.762900000000
1400667793,310.000000000000,1.500000000000
1400667793,310.000000000000,0.500000000000
1400668841,310.000000000000,0.030000000000
1400671048,310.000000000000,1.050000000000
1400671182,310.000000000000,0.157000000000
1400671962,299.000000000000,0.801600000000
1400671962,300.000000000000,0.360000000000
1400671962,301.000000000000,0.500000000000
1400671962,303.000000000000,0.309800000000
1400671962,303.000000000000,0.190200000000
1400671962,305.000000000000,0.500000000000
1400671962,307.000000000000,0.500000000000
1400671962,309.000000000000,0.500000000000
1400672002,299.000000000000,0.195100000000
1400672016,298.000000000000,0.038100000000
1400672016,299.000000000000,0.003200000000
1400672040,298.000000000000,0.515500000000
1400672058,298.000000000000,0.446400000000
1400674455,297.000000000000,0.309000000000
1400675966,297.000000000000,0.058100000000
1400675982,297.000000000000,0.632800000000
1400676228,296.000000000000,0.256200000000
1400676254,296.000000000000,0.347000000000
1400676256,296.000000000000,0.262100000000
1400676260,296.000000000000,0.198100000000
1400676266,296.000000000000,0.202200000000
1400676268,296.000000000000,1.345600000000
1400676319,296.000000000000,0.400200000000
1400676333,296.000000000000,0.396200000000
1400676349,296.000000000000,0.396200000000
1400676365,296.000000000000,0.008000000000
1400676373,296.000000000000,0.204100000000
1400676395,296.000000000000,0.204100000000
1400676397,296.000000000000,0.985700000000
1400676405,296.000000000000,1.223200000000
1400677414,296.000000000000,1.000000000000
1400677414,296.000000000000,0.570600000000
1400680417,296.000000000000,3.000000000000
1400681157,296.710000000000,0.075800000000
1400681157,296.710000000000,0.247400000000
1400681394,296.980000000000,0.071100000000
1400681394,296.750000000000,0.258200000000
1400682010,296.980000000000,0.037100000000
1400682010,296.980000000000,0.164900000000
1400685861,296.830000000000,0.101000000000
1400686286,296.880000000000,0.786800000000
1400688565,296.360000000000,0.111100000000
1400688880,296.470000000000,0.101000000000
1400689200,297.170000000000,0.292900000000
1400689963,297.620000000000,0.252500000000
1400694295,297.620000000000,0.151500000000
1400697078,298.110000000000,0.211500000000
1400697078,298.110000000000,0.596500000000
1400698715,298.520000000000,0.505000000000
